2411 3275
167 150 226 195 14

167 253 519 298 adexilia'artis
555 255 786 309 praecepta
819 259 1037 291 revocare
1070 248 1213 305 potins
1260 254 1387 306 atque
1425 249 1683 306 emendare,
1722 266 1846 310 quam
1889 266 1948 296 ex
1989 252 2182 297 omnibus

168 311 334 362 caussis
365 316 579 372 cognitam
613 317 705 355 arte
738 308 1004 353 concludere
1033 308 1220 361 mallent.
1278 308 1409 365 Quod.
1434 310 1536 355 mibi
1567 312 1826 358 monendum
1861 320 1941 370 est,
1962 327 2066 359 ‹non
2097 327 2184 374 quo

169 379 415 423 facilitatem
458 373 813 434 pronuntiationis
855 379 928 416 aut
966 369 1255 416 difficultatem
1303 372 1348 416 id
1393 373 1613 418 effecisse·
1637 387 1819 432 negem,
1863 382 1909 421 ut
1951 377 2184 421 nonnullae

169 435 333 485 formae
362 437 645 495 frequentius,
680 434 805 493 quam
824 434 935 478 aliae
963 434 1332 491 imminuerentur,
1368 435 1447 480 sed
1475 437 1572 494 quia
1593 435 1788 481 delectus
1813 438 2023 493 eiusmodi
2040 451 2183 497 neque

168 502 218 546 ab
251 502 305 544 iis
336 497 620 557 scriptoribus
652 495 806 540 sedulo
835 495 1021 551 babitus,
1052 496 1123 554 qui
1140 494 1389 546 'Ciceronis
1422 499 1549 542 aetati
1577 495 1750 542 fuerunt
1783 511 2008 557 suppares,
2040 513 2183 561 neque

167 580 190 609 a
225 561 512 621 grammaticis
541 557 749 618 probatus
779 566 872 615 est,
899 559 1077 617 quorum
1105 558 1277 617 plurimi
1294 559 1468 618 plenum
1498 559 1680 606 verbum
1711 575 1791 619 pro
1827 567 2049 606 contracto
2073 564 2184 607 col—

167 627 379 679 locarunt,
409 622 511 665 nibil
539 622 687 680 ⁴potius
719 621 783 665 illi
815 621 1045 675 habentes,
1085 633 1210 679 quam
1241 626 1285 664 ut
1327 620 1562 682 praecepta
1595 623 1822 682 analogiae
1856 622 2051 672 omnibus
2086 638 2184 669 om-

166 691 268 732 nino
295 686 405 730 locis
439 690 615 728 servata
635 685 947 743 reperirentur.
990 682 1136 741 Itaque
1169 683 1212 728 bi
1245 684 1439 742 plurimis
1472 685 1584 730 locis
1613 686 1783 745 plenam
1804 685 1985 730 formam
2015 699 2185 744 posue-

166 755 283 803 runt,
308 750 433 806 ‘quae
472 745 631 790 deinde
662 747 838 804 vulgata
870 751 948 801 est,
982 743 1053 789 ubi
1079 758 1138 790 ex
1163 745 1417 809 melioribus
1448 747 1571 793 libris
1607 753 1826 793 contracta
1858 749 2014 808 reponi
2046 747 2183 793 debet.

166 812 216 855 Ut
251 809 367 853 Orat.
397 810 441 851 in
476 808 605 851 Verr.
640 808 716 864 IV,
744 808 819 863 23,
850 808 910 851 50
940 820 999 850 ex
1027 809 1156 863 regio
1196 807 1351 852 codice
1382 808 1619 853 Parisiensi
1650 812 1881 866 imperasse
1912 809 2184 854 scribendum

165 879 248 928 est,
282 884 377 915 cum
410 871 689 928 imperavisse
721 869 901 914 babeant
927 867 1026 912 libri
1057 868 1235 926 vulgati.
1275 868 1375 914 Pari
1414 870 1543 915 modo
1584 885 1641 915 ex
1673 871 1866 927 eiusdem
1899 871 1998 916 libri
2029 878 2185 917 aucto—

165 936 287 978 ritate
316 931 416 977 ibid.
452 932 506 988 V,
554 932 639 989 12,
685 932 747 977 30
785 935 1010 976 consuerat
1052 930 1113 987 V,
1143 930 1228 987 31,
1275 931 1337 977 80
1379 937 1656 987 consuerant,
1690 937 1931 978 consuerat·
1955 933 2184 993 praeferre

164 996 366 1054 vulgatae
401 994 645 1054 scripturae
680 994 895 1049 audemus,
914 995 1172 1052 praesertim
1200 1007 1296 1038 cum
1328 994 1401 1038 alii
1429 993 1530 1047 libri
1565 996 1738 1052 egregii
1769 995 1844 1039 illa
1874 996 2184 1041 commendent.

163 1057 240 1103 Est
270 1059 385 1102 enim
414 1059 458 1101 in
486 1057 628 1104 Vatin.
662 1057 718 1113 X,
749 1056 807 1102 24
841 1057 1136 1111 (consuet-mco
1164 1056 1209 1099 in
1243 1054 1348 1100 God.
1379 1055 1642 1112 Erfurtensi,
1674 1070 1713 1116 p.
1730 1055 1903 1101 Caecin.
1934 1057 2037 1102 XXI
2058 1058 2185 1114 §.59

165 1126 208 1166 in
251 1119 387 1166 Codd.
420 1120 540 1177 Eri„
583 1119 754 1165 Oxonn.
794 1118 924 1163 Paris.
956 1116 1158 1162 Ambros.
1199 1118 1269 1162 Ac
1309 1119 1485 1174 nescio,
1527 1132 1582 1163 an
1613 1133 1653 1178 p.
1685 1117 1860 1165 Caecin.
1891 1119 2093 1175 XXXIX,
2124 1121 2183 1166 97

154 1186 408 1242 judicarunt
441 1198 501 1228 ex
533 1182 647 1227 libro
681 1182 850 1227 Taurin.
894 1180 1067 1225 dedisse
1109 1187 1313 1239 praestet.
1383 1180 1478 1225 Nec
1517 1181 1642 1226 aliam
1687 1183 1896 1226 rationem
1926 1181 2112 1227 Beierus
2141 1185 2185 1227 in

165 1246 287 1292 libris
331 1246 385 1290 de
432 1246 590 1291 officiis
633 1251 802 1289 secutus
836 1250 925 1298 est,
968 1256 1064 1286 cum
1103 1243 1353 1298 liberasset,
1393 1244 1686 1301 copulassem,
1719 1245 1905 1299 audisse,
1927 1246 2185 1301 judicasset,

160 1314 501 1368 perseverasset,
533 1308 777 1353 roborasset
808 1306 985 1360 refecit,
1020 1304 1084 1348 Cf.
1111 1304 1199 1349 lnd.
1238 1321 1307 1365 pg.
1341 1305 1424 1361 28,
1458 1306 1807 1363 autM‘advigius,
1841 1308 1912 1365 qui
1944 1308 1986 1351 in
2020 1307 2183 1352 Catone

165 1372 218 1428 Π,
248 1372 278 1416 4
304 1375 535 1430 putassent
568 1384 627 1415 ex
660 1370 782 1427 regio
815 1367 919 1413 Cod.
952 1366 1087 1413 Paris.
1130 1367 1261 1426 legit,
1296 1382 1391 1412 cum
1433 1367 1623 1414 Orellius
1658 1371 1928 1427 putavissent
1968 1369 2183 1415 edidisset.

166 1435 276 1488 Quid
310 1434 470 1493 plura?
521 1434 730 1476 Effecisse
771 1431 927 1475 videor
970 1430 1036 1486 id,
1084 1431 1199 1488 quod
1236 1430 1425 1489 probare
1470 1433 1635 1476 animus
1672 1431 1772 1487 fuit,
1820 1433 2035 1476 imminuta
2076 1432 2184 1477 baec

166 1496 305 1542 verba
353 1509 443 1540 non
482 1496 620 1540 solum
662 1510 685 1539 a
727 1493 940 1538 Cicerone
986 1491 1165 1552 probata
1204 1499 1330 1552 atque
1370 1500 1596 1552 usurpata,
1634 1507 1788 1538 verum
1824 1495 1950 1538 etiam
1989 1493 2041 1539 ab
2074 1508 2185 1539 ana-

167 1561 312 1616 logiae
349 1557 600 1602 doctoribus
635 1556 900 1600 multifariam
917 1556 1201 1599 exterminata
1220 1569 1337 1610 esse,
1370 1556 1441 1599 ubi
1473 1556 1597 1599 nobis
1632 1555 1884 1614 reponenda
1919 1556 2183 1601 viderentur.

168 1622 214 1666 ln
249 1634 432 1681 quorum
455 1619 608 1665 ordine
638 1625 761 1664 vetus
779 1624 1006 1663 corrector
1027 1616 1248 1663 habendus
1272 1624 1352 1674 est,
1390 1619 1458 1677 qui
1479 1618 1735 1678 rescriptum
1756 1617 1907 1664 librum
1927 1618 2182 1664 emendavit.

359 1686 398 1726 is
430 1685 540 1726 enim
568 1684 749 1738 fueram,
780 1683 847 1724 cui
878 1695 1003 1738 qaum
1035 1681 1182 1723 liceret
1211 1686 1287 1723 aut
1322 1684 1508 1736 maJores
1521 1714 1614 1723 .....
1640 1694 1723 1724 non
1761 1681 2048 1725 dubitaverim.
2089 1681 2184 1726 Co-

169 1748 294 1806 piose
331 1744 525 1790 defendit
561 1743 745 1802 Madvig.
774 1742 850 1803 Ep.
884 1741 987 1788 Crit.
1022 1741 1075 1788 ad
1098 1740 1231 1788 Orell.
1264 1756 1334 1803 pg.
1372 1742 1462 1789 106
1496 1742 1578 1788 hoc
1610 1744 1874 1788 attractionis
1908 1758 2063 1802 genus,
2098 1759 2182 1803 quo

169 1810 212 1851 F.
248 1808 294 1851 C.
330 1807 515 1851 Wolfius
550 1808 802 1862 elegantiam
841 1807 993 1849 horum
1031 1805 1239 1848 librorum
1282 1805 1471 1849 liberare
1513 1806 1674 1860 voluit,
1718 1805 1937 1849 scribens:
1980 1809 2052 1864 qui
2091 1820 2183 1849 cum

167 1872 324 1914 liceret.
409 1868 543 1922 Quam
593 1867 823 1912 verborum
874 1869 1229 1912 consecutionem
1267 1869 1531 1925 grammatici
1573 1882 1697 1926 quum
1742 1868 1953 1927 exemplis
1993 1868 2181 1927 probare

167 1938 395 1987 conantur,
426 1932 579 1990 partim
611 1932 838 1974 sententias
872 1929 923 1973 ab
958 1930 1041 1973 hoc
1076 1942 1243 1987 genere
1286 1930 1418 1988 longe
1458 1930 1621 1973 alienas
1655 1929 1876 1985 adferunt,
1920 1936 1964 1974 ut
2007 1930 2059 1974 de
2092 1930 2182 1975 Fin.

166 1996 218 2050 ll,
254 1994 331 2049 20,
365 1994 426 2038 64
455 2001 498 2038 et
530 1993 583 2037 de
617 1992 693 2037 Off.
722 1992 753 2048 1,
782 1992 856 2048 22,
894 1992 1094 2036 76-ibi
1130 1994 1244 2036 enim
1267 2006 1507 2050 pronomen
1533 1993 1759 2036 relativum
1793 2006 1873 2050 pro
1907 1994 2181 2037 demonstra-

166 2059 258 2101 tivo
294 2057 480 2114 positum
512 2056 632 2098 initio
666 2056 900 2098 sententiae
934 2067 1018 2097 nec
1051 2053 1433 2098 demonstrativum
1464 2055 1508 2098 in
1537 2055 1740 2113 primaria
1774 2054 2020 2099 elocutione
2047 2068 2181 2098 usur-

165 2127 306 2178 patum
345 2125 427 2172 est,
463 2125 507 2161 ut
540 2119 647 2161 ratio
682 2119 915 2161 sententiae
951 2117 1368 2174 postulat—partim
1405 2117 1515 2160 dicta
1548 2118 1662 2160 inter
1686 2131 1733 2160 se
1756 2119 2034 2173 permiscent,
2070 2132 2182 2174 quae

166 2182 332 2226 variam
375 2179 585 2224 orationis
627 2177 780 2223 babent
817 2178 1042 2223 licentiam.
1091 2176 1196 2224 Nam
1231 2180 1267 2223 si
1307 2178 1502 2224 nonnulli
1541 2178 1788 2223 criticorum
1827 2177 2041 2224 hominum
2073 2178 2180 2224 baec

166 2244 401 2288 Latinitatis
435 2241 652 2299 exempla,
684 2244 762 2285 etsi
798 2248 917 2284 certa
960 2248 1130 2295 essent,
1171 2248 1312 2285 tamen
1349 2255 1436 2284 non
1480 2242 1607 2284 modo
1647 2242 1831 2284 maxime
1872 2242 2178 2299 improbarunt,

163 2319 318 2350 verum
354 2305 530 2349 omnino
565 2303 689 2347 etiam
721 2303 874 2347 tollere
891 2309 988 2348 sunt
1005 2303 1163 2359 conati,
1195 2309 1310 2347 tanto
1334 2305 1514 2361 gravius
1540 2317 1618 2347 eos
1646 2302 1953 2360 negligentiam
1973 2304 2179 2348 orationis

163 2369 312 2411 tulisse
356 2372 553 2425 oportet,
596 2379 680 2423 quo
721 2367 853 2422 magis
894 2366 1068 2410 relativi
1110 2365 1277 2424 pondus
1312 2367 1365 2409 .vi
1409 2366 1760 2420 demonstrativi,
1796 2365 1908 2424 quod
1951 2365 2177 2419 antecedit,

161 2431 432 2490 pronominis
466 2429 675 2486 augescit.
746 2427 886 2486 Atque
925 2429 1034 2473 haec
1066 2428 1296 2473 insolentia
1327 2428 1499 2473 dicendi
1531 2428 1614 2473 hoc
1650 2427 1749 2472 loco
1785 2430 1968 2473 maxime
1997 2430 2178 2485 insignis
2259 2431 2267 2435 ’

161 2501 237 2537 est.
313 2491 447 2548 Cujus
489 2491 670 2548 generis
710 2492 1022 2534 enuntiationes
1059 2504 1299 2549 proponam
1330 2490 1435 2534 duas
1471 2489 1699 2535 Ciceronis
1750 2490 1804 2534 de
1846 2490 1923 2534 Off.
1964 2490 2004 2544 I,
2050 2490 2106 2541 3.
2136 2490 2177 2533 8.

163 2558 300 2613 Atque
334 2568 388 2598 ea
419 2556 486 2597 sic
517 2554 735 2610 definiunt,
767 2557 812 2595 ut
843 2558 1002 2596 rectum
1032 2554 1145 2611 quod
1174 2556 1252 2606 sit,
1285 2554 1330 2596 id
1350 2555 1588 2610 perfectum
1622 2554 1806 2609 officiam
1838 2567 1932 2596 esse
1963 2554 2178 2609 defifflant,

161 2619 336 2663 mediam
369 2621 512 2662 autem
546 2616 730 2672 officium
757 2615 801 2659 id
830 2629 923 2659 esse
942 2617 1102 2671 dicant,
1138 2617 1251 2674 quod
1272 2631 1350 2660 cm·
1367 2617 1530 2672 factam
1553 2617 1625 2669 sit,
1656 2617 1770 2660 ratio
1797 2614 2031 2672 probabitis
2062 2615 2180 2659 reddi

156 2682 303 2738 possit.
345 2679 505 2723 Flacco
546 2676 619 2720 36.
655 2676 726 2720 90.
759 2676 877 2733 Erqo
910 2680 948 2721 is
983 2679 1054 2736 qm·
1084 2680 1138 2733 si,
1171 2692 1294 2721 aram
1329 2682 1475 2722 tenens
1497 2681 1688 2733 juraret,
1719 2678 1921 2732 crederet,
1955 2691 2074 2721 nemo
2101 2689 2180 2733 per

160 2744 381 2799 epistolam
413 2742 526 2799 quod
555 2741 668 2784 colet
697 2742 908 2793 injur-atus
937 2741 1144 2797 probabit.

945 2926 1002 2974 ss
1045 2922 1303 2980 efflas
1348 2928 1401 2974 ,Ξ
