2411 3275
2156 162 2181 204 7

176 267 569 329 εᾶῑρναεῐεωηᾰαε
598 262 846 314 doctor-ibae.
916 267 1021 314 Cum
1056 268 1163 312 halec
1195 271 1239 311 et'
1266 267 1310 311 in
1342 265 1452 312 libro
1489 277 1616 312 manu
1654 264 1819 325 scripto
1865 265 2065 324 legantur
2096 272 2136 309 et
2167 282 2189 310 a

175 323 305 385 Μῆὸ,
336 328 563 386 Letmero,
605 331 806 375 Schutzio
848 330 960 375 edita
996 332 1104 384 sint,
1130 325 1422 372 ¹Heinrichius
1469 330 1708 374 sententiae
1756 328 1920 372 rectius
1955 327 2189 371 consulere

176 397 353 436 conatus
387 397 462 437 est.
505 392 686 454 Scripsit
727 388 856 451 igitur
894 394 1033 446 cives,
1074 384 1202 447 idque
1243 404 1330 434 non
1361 390 1622 447 subJectum,
1666 390 1743 437 sed
1784 389 2000 447 objectum
2038 387 2187 434 haberi

175 454 323 499 voluit.
387 451 480 500 Hoc
504 453 913 511 autem=Steinack.·,
941 450 1071 508 Mosa,
1104 450 1237 495 Orell.
1272 452 1438 511 placuit.
1511 454 1597 498 Sed
1633 453 1791 499 Cicero
1838 454 2091 498 sententiam
2129 452 2187 496 il-

175 518 339 572 lustrat,
369 532 489 575 quam
523 517 575 562 de
611 518 687 562 Off.
720 518 762 572 I,
793 517 876 572 26,
908 515 1146 572 92¹·paueis
1179 513 1520 571 comprehendit:
1555 518 1664 560 mad
1695 519 1837 559 autem
1867 518 1933 558 sie
1967 522 2034 558 est
2057 517 2187 570 judi—

176 580 366 635 candam,
397 582 606 624 mamimaa
627 581 724 637 qen*
750 587 823 623 ren
854 581 896 633 et
918 577 1093 620 maximi
1121 577 1251 618 animi
1281 575 1335 619 ab
1354 577 1423 630 iia,
1454 579 1528 634 qai>
1558 591 1627 622 res
1650 577 1845 636 publicas
1875 581 2043 637 reqant,
2077 579 2189 635 quod

176 654 319 686 earam
350 637 664 687 adininistratio
692 643 902 685 Meaime
919 641 1073 697 pateat
1105 639 1163 681 ad
1184 638 1468 695 plurimosque
1491 642 1713 697 pertineat.
1782 639 2017 685 Contendit
2055 642 2185 693 enim,

178 705 353 749 civilem
386 706 527 748 virum
561 710 656 747 cum
691 701 974 761 philosopho,
1016 711 1140 758 quum
1182 700 1469 758 propositum,
1513 700 1624 759 quod
1667 703 1787 747 ambo
1832 716 2057 748 commune
2102 702 2185 747 ha·-

176 766 317 821 beant,
350 763 402 821 is,
436 766 506 824 qui
539 766 702 809 civitati
733 765 922 822 praesit,
948 762 1086 820 longe·
1119 762 1278 805 certius
1313 768 1436 820 atque
1472 763 1719 821 perfectinS,
1753 778 1875 824 quam
1913 766 2040 810 otiosi
2071 764 2184 809 doc—

175 836 310 883 tores,
342 833 641 886 consequatur.
700 825 891 884 Namque
923 825 967 869 hi
996 837 1158 883 paucos
1198 830 1353 868 tantum
1394 838 1574 869 movere
1614 835 1811 885 possunt,
1851 836 1893 872 ut
1933 829 2091 873 faciant
2126 828 2182 872 id.

177 890 288 950 qaod
319 896 481 949 rectum
518 891 571 933 sit
604 894 728 947 atque
755 890 936 944 justum3
965 887 1033 931 illi
1066 898 1213 930 omnes
1246 885 1469 943 adducunt,
1502 894 1545 931 ut
1578 902 1747 948 semper
1781 890 1822 934 id
1850 892 1986 950 ipsum
2020 890 2182 936 obser-

175 959 289 996 vent.
349 951 402 994 Hi
437 953 632 1008 oratione
662 955 848 1005 utuntur,
880 950 943 993 itti
974 951 1156 1007 imperio
1189 963 1238 992 ac
1270 956 1382 992 metu
1413 961 1596 1007 poenae,
1630 959 1673 994 ut
1708 955 1828 996 cives
1858 954 2083 1010 perficiant
2124 953 2180 1006 id,

176 1013 287 1072 quod
323 1013 450 1071 leges
481 1018 550 1056 ant
583 1011 762 1069 jubeant
806 1016 879 1056 aut'
913 1015 1072 1056 vetent.
1141 1009 1286 1069 Itaque
1332 1010 1373 1054 hi
1413 1011 1696 1070 persuadent,
1732 1014 1791 1058 illi
1834 1022 1970 1060 autem
2010 1022 2181 1073 cogunt.

177 1075 299 1128 Quod
330 1076 592 1118 contrarium
625 1084 708 1132 quo
743 1071 901 1117 clai-ias
931 1075 1158 1128 efferatur,
1197 1079 1239 1115 ut
1279 1074 1402 1131 pauci
1436 1074 1696 1131 respondent
1740 1077 1929 1121 omnibus
1964 1085 2005 1121 et
2041 1080 2179 1120 oratio

174 1139 356 1196 imperio
391 1137 606 1181 contraria
640 1135 793 1194 dicitur
831 1136 1060 1195 legumque
1099 1146 1291 1195 poenae3
1330 1136 1386 1179 ita
1428 1138 1548 1195 sequi
1589 1149 1769 1182 necesse
1804 1146 1888 1195 est,
1930 1145 1974 1184 ut
2013 1140 2180 1197 magis—

174 1206 306 1243 tratus
341 1211 554 1257 expresse
594 1198 841 1243 doctoribus
878 1205 1156 1257 opponantur.
1222 1198 1354 1255 Atqui
1391 1198 1585 1256 discipuli
1631 1200 1975 1258 philosophorum
2011 1202 2179 1245 civibus

176 1274 263 1305 non
309 1266 401 1304 sunt
461 1263 695 1318 contrarii,
758 1263 914 1321 quippe
964 1261 1034 1321 qui
1088 1260 1191 1305 nihil
1247 1259 1361 1305 aliud·
1405 1262 1575 1320 assequi
1628 1262 1837 1319 studeant,
1888 1265 1969 1308 nisi
2017 1272 2057 1308 ut
2110 1267 2179 1308 ci·-

175 1326 290 1366 vium
332 1310 485 1367 officiis
532 1338 655 1381 quam
692 1327 847 1382 optime
891 1324 1162 1368 satisfaciant.
1223 1322 1343 1379 Ergo
1394 1324 1537 1381 inepte
1583 1325 1947 1381 praeclarissimus
1992 1329 2179 1384 scriptor

177 1383 394 1440 obiectum*
422 1386 542 1428 initio
580 1387 817 1429 sententiae
853 1386 1185 1440 collocavisset,
1227 1398 1351 1442 quum
1392 1384 1434 1427 id
1475 1385 1577 1428 nihil
1619 1384 1816 1440 haberet,
1858 1402 1932 1429 cur
1972 1390 2039 1431 vis
2085 1390 2178 1443 ejus

174 1445 371 1504 augenda
406 1452 533 1490 esset.
599 1445 715 1491 Idem
746 1447 920 1492 chiasmi
955 1447 1283 1491 concinnitatem
1316 1445 1625 1506 perturbasset,
1658 1448 1718 1503 si,
1754 1446 1900 1492 verbis
1934 1451 1994 1493 sic
2025 1449 2177 1508 dispo-

174 1511 280 1563 sitis,
308 1521 449 1567 neque
475 1522 632 1553 nomen
662 1512 906 1569 pronomini
938 1511 1010 1554 ille
1036 1509 1301 1565 adjunxisset
1330 1516 1370 1553 et
1400 1515 1551 1567 postea
1583 1510 1627 1553 Ιιί
1653 1511 1843 1554 doctores
1875 1514 2176 1570 usurpavisset.

173 1571 357 1616 Accedit
395 1571 549 1615 dictum
588 1571 792 1618 Lactantii
835 1569 1009 1617 Institut.
1053 1571 1132 1629 111,
1182 1571 1266 1628 16,
1317 1570 1368 1616 ad
1417 1571 1728 1616 similitudinem
1778 1572 1898 1630 hujus
1946 1576 2177 1618 sententiae

174 1640 323 1693 aperte
360 1648 637 1692 expressum-z
676 1636 900 1694 Sapientia
940 1640 1078 1679 autem
1117 1638 1201 1678 nisi
1240 1637 1285 1677 in
1328 1636 1470 1694 aliquo
1498 1640 1597 1678 actu
1629 1637 1783 1692 fuerit,
1824 1650 1905 1694 qao
1947 1640 2026 1680 rim
2060 1652 2175 1680 suam

174 1701 397 1752 eaeerceot,
441 1699 583 1742 inanis
623 1703 665 1743 et
693 1699 811 1756 falsa
842 1703 929 1753 est3
968 1703 1162 1756 recteque
1197 1698 1355 1742 Tullius
1391 1698 1535 1742 civiles
1567 1700 1703 1753 viros,
1740 1701 1810 1757 qui
1849 1714 1935 1742 rem
1966 1700 2173 1757 publicam

173 1760 417 1815 glaber-nent,
452 1763 523 1817 qm‘
555 1761 679 1804 nrbes
718 1766 793 1805 ant
830 1775 964 1804 noca-s
1003 1763 1263 1805 constituant
1305 1764 1380 1802 ant
1421 1763 1675 1803 constitutas
1720 1763 1931 1817 aequitate
1965 1767 2175 1804 tueantur.

175 1823 246 1880 φη·
285 1822 462 1866 salutem
507 1824 799 1882 civitatemque
845 1825 995 1867 civium
1036 1823 1105 1867 cel
1144 1822 1263 1867 bonis
1316 1821 1473 1880 leqibas
1511 1823 1579 1867 vet
1614 1822 1850 1867 salubribus
1890 1825 2074 1868 consiliis
2116 1825 2180 1867 rel

163 1886 343 1939 judiciis
373 1886 574 1939 ,qravae‘bus
605 1891 876 1940 conservent,
909 1885 1202 1943 philosophiae
1232 1885 1470 1928 doctoribus
1496 1887 1700 1941 praefert.
1754 1885 1831 1928 Ubi
1872 1886 2176 1943 eloquentissi-

177 1959 266 1990 mvs
299 1948 513 2005 interpres
546 1949 783 2006 scripturae
816 1947 978 1992 codicis
1014 1947 1277 2006 palimpsesti
1309 1953 1429 1991 certe
1464 1947 1725 2003 suffragatur.

363 2008 439 2050 his.
488 2009 561 2051 Sic
602 2010 851 2052 emendator
894 2016 1019 2052 vetus
1055 2015 1174 2051 recte
1209 2010 1426 2063 correxit,
1475 2021 1567 2051 cum
1614 2011 1650 2050 is
1690 2010 1885 2066 scriptum
1931 2011 2177 2052 invenisset.

176 2068 280 2114 Nam
313 2077 354 2114 et
387 2070 589 2116 doctores
621 2071 933 2130 significantur,
976 2072 1028 2116 de
1073 2070 1223 2130 quibus
1266 2071 1334 2115 hic
1375 2072 1615 2129 quaeritur,
1657 2071 1851 2115 civilibus
1894 2074 2000 2115 viris
2042 2087 2176 2129 prae-

178 2133 345 2176 ferendi
386 2146 438 2175 an
479 2147 590 2178 vero
627 2134 911 2193 postponendi
948 2136 1044 2190 sint,
1077 2140 1116 2177 et
1154 2140 1302 2176 natura
1340 2135 1526 2176 contrari
1560 2133 1762 2191 postulat,
1806 2139 1846 2175 ut
1888 2133 1999 2176 illum
2034 2135 2176 2176 civem

174 2195 214 2238 hi
249 2194 451 2239 doctores
485 2198 773 2254 insequantur.

365 2256 483 2312 Quae
514 2263 577 2303 est
609 2261 727 2304 enim.
795 2258 855 2304 lta
887 2265 1006 2304 recte
1051 2257 1300 2304 emendator
1342 2259 1536 2317 scripsit,
1579 2264 1617 2302 at
1661 2257 1856 2302 librarius
1891 2273 1998 2316 quae
2029 2261 2176 2301 etenim

176 2321 362 2364 dederat.
426 2321 530 2364 Nam
565 2324 685 2380 prior
716 2323 984 2376 vocularum,
1019 2337 1076 2365 ex
1109 2321 1259 2380 quibus
1280 2321 1486 2378 particula
1520 2322 1665 2362 etenim
1700 2320 1890 2377 copulata
1923 2327 2003 2372 est.
2040 2328 2177 2362 aetate

177 2381 404 2428 Ciceronis
437 2397 524 2427 non
560 2383 668 2428 adeo
701 2383 1003 2440 obsoleverat,
1044 2390 1087 2428 ut
1121 2385 1190 2428 vis
1234 2382 1408 2427 alterius
1450 2382 1602 2426 tantum
1636 2397 1658 2425 a
1694 2381 1892 2425 Romanis
1923 2384 2069 2425 sentiri
2107 2389 2178 2425 ut-

178 2458 259 2501 que
293 2448 618 2504 composititium
650 2446 829 2489 verbum
871 2459 957 2489 non
990 2446 1116 2489 modo
1153 2458 1232 2504 pro
1276 2446 1455 2503 simplici
1497 2445 1651 2501 „enim“
1690 2446 1908 2502 usurpari,
1946 2457 2097 2486 verum
2136 2446 2176 2487 in

177 2508 269 2563 ejus
308 2507 446 2552 locum
485 2510 613 2558 *etiam
659 2509 785 2568 plane
822 2508 1059 2553 succedere
1113 2510 1335 2567 inciperet.
1410 2505 1513 2551 Nam
1566 2506 1672 2564 apud
1717 2505 1971 2550 Ciceronem
2009 2507 2177 2564 quidem

178 2568 330 2612 dictum
360 2584 447 2614 non
480 2584 595 2627 esse,
629 2573 672 2615 in
706 2585 788 2630 quo
824 2571 1029 2630 particula
1055 2574 1204 2614 etenim
1243 2570 1419 2614 alterum
1455 2570 1686 2612 sententiae
1719 2569 1857 2611 locum
1876 2575 2034 2623 teneat,
2070 2571 2180 2613 inter

177 2630 327 2674 doctos
361 2635 483 2677 viros
516 2640 691 2677 constat.
738 2633 801 2676 Cf.
839 2633 970 2677 Orell.
1005 2633 1055 2677 ad
1096 2633 1241 2676 Caton.
1274 2632 1348 2686 lX,
1379 2632 1461 2685 29,
1502 2631 1553 2673 de
1589 2630 1720 2686 Legg.
1752 2630 1804 2682 ll,
1838 2630 1912 2683 22.
1944 2632 2023 2673 57:
2056 2632 2180 2674 Mad-

177 2695 277 2751 wig.
318 2693 473 2753 Opusc.
508 2694 554 2739 T.
588 2694 616 2739 I.
658 2710 727 2755 pg.
768 2695 859 2741 390
898 2694 992 2740 Not.
1037 2694 1183 2739 Ortum
1227 2701 1290 2739 est
1330 2699 1465 2737 autem
1503 2691 1695 2736 mendum
1738 2706 1794 2735 ex
1834 2692 1942 2737 mala
1986 2700 2179 2738 notarum

176 2751 528 2813 interpretatione
562 2759 614 2813 (ὃ
645 2766 725 2813 est,
757 2759 786 2802 δ
819 2765 871 2802 et.
938 2758 1000 2801 Cf.
1033 2757 1283 2801 Lachmann.
1322 2756 1407 2798 lnd.
1449 2756 1580 2810 Sigl,
1621 2769 1726 2811 quae
1761 2757 1804 2796 in
1838 2754 1932 2811 Gaji
1966 2756 2059 2799 cod.
2092 2772 2181 2813 rep.

176 2827 244 2872 pg.
277 2816 368 2861 446
403 2823 445 2862 et
474 2818 618 2876 4485),
654 2834 762 2880 quae
797 2820 891 2864 aliis
926 2832 1096 2879 quoque
1129 2819 1238 2863 locis
1273 2816 1450 2862 eundem
1483 2829 1675 2859 errorem
1709 2817 1890 2875 peperit.
1934 2816 2181 2863 Vidssrell.

177 2876 228 2918 ad
263 2878 350 2921 Cic.
382 2880 460 2937 Ep.
491 2881 543 2923 ad
576 2882 671 2934 Qu.>
696 2882 831 2926 Fratr.
867 2882 906 2937 I,
955 2882 1005 2938 1,
1050 2882 1132 2934 333
1166 2880 1497 2925 Pseud—Ascon.
1528 2881 1569 2920 in
1612 2878 1738 2921 Verr.
1772 2894 1842 2937 pg.
1875 2880 1980 2934 129,
2013 2881 2063 2932 6;
2097 2882 2183 2924 Al-

177 2937 361 2984 schefsk
397 2941 448 2985 ad
482 2941 575 2986 Liv.
605 2943 651 2986 T.
684 2943 721 2987 11
757 2959 826 3002 pg.
863 2944 968 2999 274,
1002 2943 1070 2987 11.
1108 2942 1200 2987 Nec
1229 2942 1426 2986 librarius
1457 2939 1653 2983 voculam
1679 2940 1791 2985 falso
1832 2945 2066 3000 repositam
2102 2943 2184 2987 du-

176 2999 324 3043 bitavit
356 3016 449 3046 cum
478 3006 586 3047 enim
622 3008 914 3063 conjungere,
959 3007 1155 3063 quoniam
1193 3004 1391 3062 aequales
1436 3004 1526 3058 ejus
1570 3005 1719 3046 etenim
1763 3003 1899 3048 altero
1946 3009 2182 3050 sententiae

175 3061 274 3105 loco
316 3076 614 3122 nonnunquam
659 3067 939 3110 collocabant.
1002 3067 1046 3109 ld
1088 3074 1221 3109 autem
1258 3073 1351 3109 ante
1393 3064 1514 3107 finem
1550 3065 1724 3108 secundi
1762 3067 1835 3110 vel
1871 3069 2030 3111 initium
2065 3070 2176 3112 tertii
