<?xml version="1.0" encoding="UTF-8"?>
<!DOCTYPE html PUBLIC "-//W3C//DTD XHTML 1.0 Transitional//EN"
    "http://www.w3.org/TR/xhtml1/DTD/xhtml1-transitional.dtd">
<html xmlns="http://www.w3.org/1999/xhtml" xml:lang="en" lang="en">
 <head>
  <title>
</title>
<meta http-equiv="Content-Type" content="text/html;charset=utf-8" />
  <meta name='ocr-system' content='tesseract 3.04.00' />
  <meta name='ocr-capabilities' content='ocr_page ocr_carea ocr_par ocr_line ocrx_word'/>
</head>
<body>
  <div class='ocr_page' id='page_1' title='image "./4773721_0019.png"; bbox 0 0 2411 3275; ppageno 0'>
   <div class='ocr_carea' id='block_1_1' title="bbox 2142 168 2197 212">
    <p class='ocr_par' dir='ltr' id='par_1_1' title="bbox 2142 168 2197 212">
     <span class='ocr_line' id='line_1_1' title="bbox 2142 168 2197 212; baseline 0 0"><span class='ocrx_word' id='word_1_1' title='bbox 2142 168 2197 212; x_wconf 79' lang='lat'><strong>13</strong></span> 
     </span>
    </p>
   </div>
   <div class='ocr_carea' id='block_1_2' title="bbox 173 273 2194 1883">
    <p class='ocr_par' dir='ltr' id='par_1_2' title="bbox 186 273 2194 461">
     <span class='ocr_line' id='line_1_2' title="bbox 190 273 2194 334; baseline -0.005 -8"><span class='ocrx_word' id='word_1_2' title='bbox 190 279 344 326; x_wconf 65' lang='lat' dir='ltr'><strong>noda</strong></span> <span class='ocrx_word' id='word_1_3' title='bbox 395 280 578 333; x_wconf 73' lang='lat' dir='ltr'><strong>coaluit,</strong></span> <span class='ocrx_word' id='word_1_4' title='bbox 618 280 659 320; x_wconf 86' lang='lat' dir='ltr'><strong>in</strong></span> <span class='ocrx_word' id='word_1_5' title='bbox 703 276 883 321; x_wconf 72' lang='lat' dir='ltr'><strong>eandem</strong></span> <span class='ocrx_word' id='word_1_6' title='bbox 921 278 1227 316; x_wconf 70' lang='lat' dir='ltr'><strong>consonantem</strong></span> <span class='ocrx_word' id='word_1_7' title='bbox 1268 274 1469 330; x_wconf 81' lang='lat' dir='ltr'><strong>cadente,</strong></span> <span class='ocrx_word' id='word_1_8' title='bbox 1512 286 1620 334; x_wconf 82' lang='lat' dir='ltr'><strong>quae</strong></span> <span class='ocrx_word' id='word_1_9' title='bbox 1663 278 1756 334; x_wconf 77' lang='lat' dir='ltr'><strong>ipsa</strong></span> <span class='ocrx_word' id='word_1_10' title='bbox 1799 285 1885 317; x_wconf 88' lang='lat' dir='ltr'><strong>non</strong></span> <span class='ocrx_word' id='word_1_11' title='bbox 1928 273 2086 332; x_wconf 82' lang='lat' dir='ltr'><strong>plene,</strong></span> <span class='ocrx_word' id='word_1_12' title='bbox 2120 273 2194 317; x_wconf 83' lang='lat' dir='ltr'><strong>sed</strong></span> 
     </span>
     <span class='ocr_line' id='line_1_3' title="bbox 187 332 2194 401; baseline -0.004 -14"><span class='ocrx_word' id='word_1_13' title='bbox 187 341 441 401; x_wconf 73' lang='lat' dir='ltr'><strong>compendio</strong></span> <span class='ocrx_word' id='word_1_14' title='bbox 478 342 716 399; x_wconf 77' lang='lat' dir='ltr'><strong>scripturae</strong></span> <span class='ocrx_word' id='word_1_15' title='bbox 754 337 1008 394; x_wconf 80' lang='lat' dir='ltr'><strong>consignata</strong></span> <span class='ocrx_word' id='word_1_16' title='bbox 1038 332 1116 377; x_wconf 81' lang='lat' dir='ltr'><strong>fuit</strong></span> <span class='ocrx_word' id='word_1_17' title='bbox 1143 333 1200 378; x_wconf 66' lang='lat' dir='ltr'><strong>ia.</strong></span> <span class='ocrx_word' id='word_1_18' title='bbox 1263 335 1366 380; x_wconf 88' lang='lat' dir='ltr'><strong>Item</strong></span> <span class='ocrx_word' id='word_1_19' title='bbox 1398 337 1510 396; x_wconf 88' lang='lat' dir='ltr'><strong>quod</strong></span> <span class='ocrx_word' id='word_1_20' title='bbox 1540 338 1844 396; x_wconf 81' lang='lat' dir='ltr'><strong>grammaticus</strong></span> <span class='ocrx_word' id='word_1_21' title='bbox 1875 336 1948 380; x_wconf 87' lang='lat' dir='ltr'><strong>ille</strong></span> <span class='ocrx_word' id='word_1_22' title='bbox 1986 336 2194 381; x_wconf 86' lang='lat' dir='ltr'><strong>mendose</strong></span> 
     </span>
     <span class='ocr_line' id='line_1_4' title="bbox 186 397 1873 461; baseline -0.002 -13"><span class='ocrx_word' id='word_1_23' title='bbox 186 404 371 449; x_wconf 67' lang='lat' dir='ltr'><strong>abstinet</strong></span> <span class='ocrx_word' id='word_1_24' title='bbox 399 403 548 447; x_wconf 85' lang='lat' dir='ltr'><strong>scribit</strong></span> <span class='ocrx_word' id='word_1_25' title='bbox 580 402 659 461; x_wconf 75' lang='lat' dir='ltr'><strong>pro</strong></span> <span class='ocrx_word' id='word_1_26' title='bbox 692 402 932 451; x_wconf 40' lang='lat' dir='ltr'><strong>abstinent,</strong></span> <span class='ocrx_word' id='word_1_27' title='bbox 961 409 1021 439; x_wconf 86' lang='lat' dir='ltr'><strong>cx</strong></span> <span class='ocrx_word' id='word_1_28' title='bbox 1053 398 1292 453; x_wconf 82' lang='lat' dir='ltr'><strong>scripturae</strong></span> <span class='ocrx_word' id='word_1_29' title='bbox 1319 401 1570 456; x_wconf 79' lang='lat' dir='ltr'><strong>compendio</strong></span> <span class='ocrx_word' id='word_1_30' title='bbox 1606 407 1747 444; x_wconf 86' lang='lat' dir='ltr'><strong>natum</strong></span> <span class='ocrx_word' id='word_1_31' title='bbox 1780 397 1873 443; x_wconf 50' lang='lat' dir='ltr'><strong>est*</strong></span> 
     </span>
    </p>

    <p class='ocr_par' dir='ltr' id='par_1_3' title="bbox 180 456 2193 1324">
     <span class='ocr_line' id='line_1_5' title="bbox 373 456 2193 519; baseline -0.003 -9"><span class='ocrx_word' id='word_1_32' title='bbox 373 468 621 509; x_wconf 76' lang='lat' dir='ltr'><strong><em>tramittant.</em></strong></span> <span class='ocrx_word' id='word_1_33' title='bbox 654 463 775 507; x_wconf 84' lang='lat' dir='ltr'><strong>Hanc</strong></span> <span class='ocrx_word' id='word_1_34' title='bbox 798 460 980 505; x_wconf 74' lang='lat' dir='ltr'><strong>formam</strong></span> <span class='ocrx_word' id='word_1_35' title='bbox 1013 470 1146 515; x_wconf 83' lang='lat' dir='ltr'><strong>qnare</strong></span> <span class='ocrx_word' id='word_1_36' title='bbox 1170 456 1406 515; x_wconf 86' lang='lat' dir='ltr'><strong>Lehnerus,</strong></span> <span class='ocrx_word' id='word_1_37' title='bbox 1430 460 1718 519; x_wconf 88' lang='lat' dir='ltr'><strong>Heinrichius,</strong></span> <span class='ocrx_word' id='word_1_38' title='bbox 1746 461 1964 516; x_wconf 82' lang='lat' dir='ltr'><strong>Moserus,</strong></span> <span class='ocrx_word' id='word_1_39' title='bbox 1998 460 2193 505; x_wconf 74' lang='lat' dir='ltr'><strong>Nobbius</strong></span> 
     </span>
     <span class='ocr_line' id='line_1_6' title="bbox 189 520 2192 581; baseline -0.002 -10"><span class='ocrx_word' id='word_1_40' title='bbox 189 541 254 572; x_wconf 72' lang='lat' dir='ltr'><strong>exv</strong></span> <span class='ocrx_word' id='word_1_41' title='bbox 282 527 488 572; x_wconf 79' lang='lat' dir='ltr'><strong>Vaticano</strong></span> <span class='ocrx_word' id='word_1_42' title='bbox 519 527 630 571; x_wconf 84' lang='lat' dir='ltr'><strong>libro</strong></span> <span class='ocrx_word' id='word_1_43' title='bbox 663 525 865 581; x_wconf 84' lang='lat' dir='ltr'><strong>recipere</strong></span> <span class='ocrx_word' id='word_1_44' title='bbox 899 520 1129 574; x_wconf 82' lang='lat' dir='ltr'><strong>noluerint,</strong></span> <span class='ocrx_word' id='word_1_45' title='bbox 1163 521 1243 577; x_wconf 86' lang='lat' dir='ltr'><strong>qui</strong></span> <span class='ocrx_word' id='word_1_46' title='bbox 1264 525 1550 567; x_wconf 72' lang='lat' dir='ltr'><em>transmittant</em></span> <span class='ocrx_word' id='word_1_47' title='bbox 1575 525 1781 580; x_wconf 86' lang='lat' dir='ltr'><strong>scribunt,</strong></span> <span class='ocrx_word' id='word_1_48' title='bbox 1809 524 1912 569; x_wconf 82' lang='lat' dir='ltr'><strong>mihi</strong></span> <span class='ocrx_word' id='word_1_49' title='bbox 1943 538 2031 568; x_wconf 90' lang='lat' dir='ltr'><strong>non</strong></span> <span class='ocrx_word' id='word_1_50' title='bbox 2047 523 2192 581; x_wconf 82' lang='lat' dir='ltr'><strong>liquet.</strong></span> 
     </span>
     <span class='ocr_line' id='line_1_7' title="bbox 187 580 2192 646; baseline -0.001 -14"><span class='ocrx_word' id='word_1_51' title='bbox 187 589 375 646; x_wconf 78' lang='lat' dir='ltr'><strong>Namque</strong></span> <span class='ocrx_word' id='word_1_52' title='bbox 408 595 450 632; x_wconf 89' lang='lat' dir='ltr'><strong>et</strong></span> <span class='ocrx_word' id='word_1_53' title='bbox 485 593 654 633; x_wconf 82' lang='lat' dir='ltr'><strong>vetusta</strong></span> <span class='ocrx_word' id='word_1_54' title='bbox 690 595 834 640; x_wconf 82' lang='lat' dir='ltr'><strong>neque</strong></span> <span class='ocrx_word' id='word_1_55' title='bbox 862 580 915 625; x_wconf 86' lang='lat' dir='ltr'><strong>ab</strong></span> <span class='ocrx_word' id='word_1_56' title='bbox 948 582 1145 625; x_wconf 83' lang='lat' dir='ltr'><strong>oratione</strong></span> <span class='ocrx_word' id='word_1_57' title='bbox 1178 584 1465 627; x_wconf 79' lang='lat' dir='ltr'>recentiorum</span> <span class='ocrx_word' id='word_1_58' title='bbox 1491 591 1616 643; x_wconf 89' lang='lat' dir='ltr'><strong>atque</strong></span> <span class='ocrx_word' id='word_1_59' title='bbox 1648 587 1901 645; x_wconf 87' lang='lat' dir='ltr'><strong>optimorum</strong></span> <span class='ocrx_word' id='word_1_60' title='bbox 1932 587 2192 645; x_wconf 79' lang='lat' dir='ltr'><strong>scriptorum</strong></span> 
     </span>
     <span class='ocr_line' id='line_1_8' title="bbox 186 641 2190 704; baseline -0.002 -10"><span class='ocrx_word' id='word_1_61' title='bbox 186 651 325 694; x_wconf 81' lang='lat' dir='ltr'><strong>aliena</strong></span> <span class='ocrx_word' id='word_1_62' title='bbox 358 651 444 694; x_wconf 66' lang='lat' dir='ltr'><strong>fuit„</strong></span> <span class='ocrx_word' id='word_1_63' title='bbox 507 650 560 693; x_wconf 88' lang='lat' dir='ltr'><strong>Ut</strong></span> <span class='ocrx_word' id='word_1_64' title='bbox 593 648 725 691; x_wconf 77' lang='lat' dir='ltr'><strong>Plaut.</strong></span> <span class='ocrx_word' id='word_1_65' title='bbox 752 642 864 701; x_wconf 82' lang='lat' dir='ltr'><strong>Epid</strong></span> <span class='ocrx_word' id='word_1_66' title='bbox 899 641 973 697; x_wconf 87' lang='lat' dir='ltr'>III,</span> <span class='ocrx_word' id='word_1_67' title='bbox 1004 643 1049 697; x_wconf 86' lang='grc'><strong>4,</strong></span> <span class='ocrx_word' id='word_1_68' title='bbox 1082 642 1141 686; x_wconf 81' lang='grc'><strong>27</strong></span> <span class='ocrx_word' id='word_1_69' title='bbox 1172 643 1275 686; x_wconf 73' lang='lat' dir='ltr'><strong>Mihi</strong></span> <span class='ocrx_word' id='word_1_70' title='bbox 1305 645 1432 688; x_wconf 78' lang='lat' dir='ltr'><strong>illanc</strong></span> <span class='ocrx_word' id='word_1_71' title='bbox 1461 651 1508 689; x_wconf 74' lang='lat' dir='ltr'><strong>ut</strong></span> <span class='ocrx_word' id='word_1_72' title='bbox 1536 651 1756 691; x_wconf 75' lang='lat' dir='ltr'><em>tramittas.</em></span> <span class='ocrx_word' id='word_1_73' title='bbox 1806 648 1868 692; x_wconf 85' lang='lat' dir='ltr'><strong>Ita</strong></span> <span class='ocrx_word' id='word_1_74' title='bbox 1882 650 1996 692; x_wconf 82' lang='lat' dir='ltr'><strong>enim</strong></span> <span class='ocrx_word' id='word_1_75' title='bbox 2026 648 2190 704; x_wconf 81' lang='lat' dir='ltr'><strong>vulga-</strong></span> 
     </span>
     <span class='ocr_line' id='line_1_9' title="bbox 186 703 2190 770; baseline -0.004 -14"><span class='ocrx_word' id='word_1_76' title='bbox 186 719 267 758; x_wconf 84' lang='lat' dir='ltr'><strong>tum</strong></span> <span class='ocrx_word' id='word_1_77' title='bbox 303 719 384 766; x_wconf 87' lang='lat' dir='ltr'><strong>est,</strong></span> <span class='ocrx_word' id='word_1_78' title='bbox 418 722 654 770; x_wconf 69' lang='lat' dir='ltr'><strong>quanquam</strong></span> <span class='ocrx_word' id='word_1_79' title='bbox 678 703 904 761; x_wconf 79' lang='lat' dir='ltr'><strong>Lambinus</strong></span> <span class='ocrx_word' id='word_1_80' title='bbox 933 703 1070 749; x_wconf 84' lang='lat' dir='ltr'><strong>libros</strong></span> <span class='ocrx_word' id='word_1_81' title='bbox 1101 717 1225 749; x_wconf 85' lang='lat' dir='ltr'><strong>manu</strong></span> <span class='ocrx_word' id='word_1_82' title='bbox 1257 706 1439 764; x_wconf 89' lang='lat' dir='ltr'><strong>scriptos</strong></span> <span class='ocrx_word' id='word_1_83' title='bbox 1471 706 1632 764; x_wconf 87' lang='lat' dir='ltr'><strong>habuit,</strong></span> <span class='ocrx_word' id='word_1_84' title='bbox 1662 711 1704 754; x_wconf 89' lang='lat' dir='ltr'><strong>in</strong></span> <span class='ocrx_word' id='word_1_85' title='bbox 1738 709 1888 769; x_wconf 85' lang='lat' dir='ltr'><strong>quihus</strong></span> <span class='ocrx_word' id='word_1_86' title='bbox 1920 711 2190 755; x_wconf 59' lang='lat' dir='ltr'><strong>transmitto,</strong></span> 
     </span>
     <span class='ocr_line' id='line_1_10' title="bbox 185 766 2188 830; baseline -0.001 -11"><span class='ocrx_word' id='word_1_87' title='bbox 185 770 305 819; x_wconf 80' lang='lat' dir='ltr'><strong>esset</strong></span> <span class='ocrx_word' id='word_1_88' title='bbox 333 773 424 830; x_wconf 75' lang='lat' dir='ltr'>(Cf.</span> <span class='ocrx_word' id='word_1_89' title='bbox 454 772 551 815; x_wconf 82' lang='lat' dir='ltr'><strong>Not.</strong></span> <span class='ocrx_word' id='word_1_90' title='bbox 584 772 637 825; x_wconf 88' lang='lat' dir='ltr'><strong>ej.</strong></span> <span class='ocrx_word' id='word_1_91' title='bbox 669 768 733 812; x_wconf 89' lang='lat' dir='ltr'><strong>ad.</strong></span> <span class='ocrx_word' id='word_1_92' title='bbox 766 767 805 811; x_wconf 87' lang='lat' dir='ltr'><strong>h.</strong></span> <span class='ocrx_word' id='word_1_93' title='bbox 837 768 916 823; x_wconf 75' lang='grc'>1.),</span> <span class='ocrx_word' id='word_1_94' title='bbox 938 766 1051 825; x_wconf 88' lang='lat' dir='ltr'><strong>quod</strong></span> <span class='ocrx_word' id='word_1_95' title='bbox 1080 769 1124 810; x_wconf 88' lang='lat' dir='ltr'><strong>in</strong></span> <span class='ocrx_word' id='word_1_96' title='bbox 1153 766 1302 811; x_wconf 86' lang='lat' dir='ltr'><strong>eadem</strong></span> <span class='ocrx_word' id='word_1_97' title='bbox 1339 767 1479 812; x_wconf 83' lang='lat' dir='ltr'><strong>fabula</strong></span> <span class='ocrx_word' id='word_1_98' title='bbox 1520 769 1555 824; x_wconf 89' lang='grc' dir='ltr'><strong>Ι,</strong></span> <span class='ocrx_word' id='word_1_99' title='bbox 1595 770 1647 827; x_wconf 92' lang='grc'><strong>2,</strong></span> <span class='ocrx_word' id='word_1_100' title='bbox 1681 772 1739 816; x_wconf 86' lang='grc'><strong>52</strong></span> <span class='ocrx_word' id='word_1_101' title='bbox 1771 776 1839 828; x_wconf 81' lang='lat' dir='ltr'><strong>(ut</strong></span> <span class='ocrx_word' id='word_1_102' title='bbox 1876 774 1995 817; x_wconf 70' lang='lat' dir='ltr'><strong>illam</strong></span> <span class='ocrx_word' id='word_1_103' title='bbox 2033 777 2188 817; x_wconf 70' lang='lat' dir='ltr'><strong>trans-</strong></span> 
     </span>
     <span class='ocr_line' id='line_1_11' title="bbox 183 828 2186 890; baseline -0.001 -9"><span class='ocrx_word' id='word_1_104' title='bbox 183 839 326 881; x_wconf 71' lang='lat' dir='ltr'><strong>mittas</strong></span> <span class='ocrx_word' id='word_1_105' title='bbox 355 835 469 890; x_wconf 64' lang='lat' dir='ltr'><strong>sibi)</strong></span> <span class='ocrx_word' id='word_1_106' title='bbox 487 833 699 878; x_wconf 88' lang='lat' dir='ltr'><strong>editiones</strong></span> <span class='ocrx_word' id='word_1_107' title='bbox 736 829 926 875; x_wconf 83' lang='lat' dir='ltr'><strong>Lambini</strong></span> <span class='ocrx_word' id='word_1_108' title='bbox 960 835 1003 874; x_wconf 85' lang='lat' dir='ltr'><strong>et</strong></span> <span class='ocrx_word' id='word_1_109' title='bbox 1021 828 1285 874; x_wconf 73' lang='lat' dir='ltr'><strong>Taubmanni</strong></span> <span class='ocrx_word' id='word_1_110' title='bbox 1315 836 1493 875; x_wconf 85' lang='lat' dir='ltr'><strong>tuentur.</strong></span> <span class='ocrx_word' id='word_1_111' title='bbox 1542 831 1930 880; x_wconf 80' lang='lat' dir='ltr'><strong>Praestantissimus</strong></span> <span class='ocrx_word' id='word_1_112' title='bbox 1958 841 2026 881; x_wconf 82' lang='lat' dir='ltr'><strong>est</strong></span> <span class='ocrx_word' id='word_1_113' title='bbox 2047 841 2186 880; x_wconf 88' lang='lat' dir='ltr'><strong>autem</strong></span> 
     </span>
     <span class='ocr_line' id='line_1_12' title="bbox 183 890 2186 956; baseline 0 -15"><span class='ocrx_word' id='word_1_114' title='bbox 183 898 294 941; x_wconf 88' lang='lat' dir='ltr'><strong>liber</strong></span> <span class='ocrx_word' id='word_1_115' title='bbox 321 897 514 949; x_wconf 82' lang='lat' dir='ltr'><strong>Puteani,</strong></span> <span class='ocrx_word' id='word_1_116' title='bbox 550 893 661 937; x_wconf 77' lang='lat' dir='ltr'><strong>unde</strong></span> <span class='ocrx_word' id='word_1_117' title='bbox 691 907 754 950; x_wconf 83' lang='lat' dir='ltr'><strong>ap.</strong></span> <span class='ocrx_word' id='word_1_118' title='bbox 787 892 878 935; x_wconf 89' lang='lat' dir='ltr'><strong>Liv.</strong></span> <span class='ocrx_word' id='word_1_119' title='bbox 908 891 1102 947; x_wconf 89' lang='lat' dir='ltr'>XXVIII,</span> <span class='ocrx_word' id='word_1_120' title='bbox 1142 894 1169 935; x_wconf 87' lang='lat'>5</span> <span class='ocrx_word' id='word_1_121' title='bbox 1207 895 1474 948; x_wconf 68' lang='lat' dir='ltr'><strong>tramittam,-</strong></span> <span class='ocrx_word' id='word_1_122' title='bbox 1503 890 1682 951; x_wconf 87' lang='lat' dir='ltr'>XXVII,</span> <span class='ocrx_word' id='word_1_123' title='bbox 1720 896 1789 940; x_wconf 87' lang='grc'><strong>29.</strong></span> <span class='ocrx_word' id='word_1_124' title='bbox 1823 900 2007 942; x_wconf 72' lang='lat' dir='ltr'><strong>tramisit</strong></span> <span class='ocrx_word' id='word_1_125' title='bbox 2047 910 2186 956; x_wconf 82' lang='lat' dir='ltr'><strong>repo-</strong></span> 
     </span>
     <span class='ocr_line' id='line_1_13' title="bbox 184 954 2184 1018; baseline 0.001 -14"><span class='ocrx_word' id='word_1_126' title='bbox 184 962 305 1004; x_wconf 86' lang='lat' dir='ltr'><strong>situm</strong></span> <span class='ocrx_word' id='word_1_127' title='bbox 356 965 423 1003; x_wconf 79' lang='lat' dir='ltr'><strong>est</strong></span> <span class='ocrx_word' id='word_1_128' title='bbox 462 956 553 1013; x_wconf 68' lang='lat' dir='ltr'><strong>(Cf.</strong></span> <span class='ocrx_word' id='word_1_129' title='bbox 594 954 786 1000; x_wconf 87' lang='lat' dir='ltr'><strong>Gronov.</strong></span> <span class='ocrx_word' id='word_1_130' title='bbox 831 955 883 999; x_wconf 89' lang='lat' dir='ltr'><strong>ad</strong></span> <span class='ocrx_word' id='word_1_131' title='bbox 927 955 964 999; x_wconf 89' lang='lat' dir='ltr'><strong>l1.</strong></span> <span class='ocrx_word' id='word_1_132' title='bbox 1006 954 1081 1011; x_wconf 80' lang='grc'>1.),</span> <span class='ocrx_word' id='word_1_133' title='bbox 1116 969 1255 1013; x_wconf 83' lang='lat' dir='ltr'><strong>neque</strong></span> <span class='ocrx_word' id='word_1_134' title='bbox 1294 955 1410 999; x_wconf 85' lang='lat' dir='ltr'><strong>aliud</strong></span> <span class='ocrx_word' id='word_1_135' title='bbox 1448 957 1668 1015; x_wconf 83' lang='lat' dir='ltr'><strong>exemplar</strong></span> <span class='ocrx_word' id='word_1_136' title='bbox 1710 973 1806 1003; x_wconf 89' lang='lat' dir='ltr'><strong>esse</strong></span> <span class='ocrx_word' id='word_1_137' title='bbox 1848 968 1974 1018; x_wconf 83' lang='lat' dir='ltr'><strong>puto,</strong></span> <span class='ocrx_word' id='word_1_138' title='bbox 2014 963 2059 1005; x_wconf 87' lang='lat' dir='ltr'><strong>in</strong></span> <span class='ocrx_word' id='word_1_139' title='bbox 2100 975 2184 1018; x_wconf 85' lang='lat' dir='ltr'><strong>quo</strong></span> 
     </span>
     <span class='ocr_line' id='line_1_14' title="bbox 181 1016 2183 1079; baseline 0 -15"><span class='ocrx_word' id='word_1_140' title='bbox 181 1021 367 1065; x_wconf 81' lang='lat' dir='ltr'><strong>Jacobus</strong></span> <span class='ocrx_word' id='word_1_141' title='bbox 409 1019 658 1062; x_wconf 84' lang='lat' dir='ltr'><strong>Gronovius</strong></span> <span class='ocrx_word' id='word_1_142' title='bbox 698 1017 903 1072; x_wconf 85' lang='lat' dir='ltr'>XXVIII,</span> <span class='ocrx_word' id='word_1_143' title='bbox 951 1016 1011 1060; x_wconf 81' lang='lat'><strong>37</strong></span> <span class='ocrx_word' id='word_1_144' title='bbox 1068 1019 1252 1060; x_wconf 68' lang='lat' dir='ltr'><strong>tramisit</strong></span> <span class='ocrx_word' id='word_1_145' title='bbox 1291 1017 1494 1073; x_wconf 88' lang='lat' dir='ltr'>XXVHI,</span> <span class='ocrx_word' id='word_1_146' title='bbox 1528 1018 1582 1062; x_wconf 82' lang='lat'><strong>41</strong></span> <span class='ocrx_word' id='word_1_147' title='bbox 1630 1023 1825 1064; x_wconf 51' lang='lat' dir='ltr'><strong>tramam</strong></span> <span class='ocrx_word' id='word_1_148' title='bbox 1859 1022 1947 1079; x_wconf 85' lang='lat' dir='ltr'><strong>legi</strong></span> <span class='ocrx_word' id='word_1_149' title='bbox 1994 1028 2183 1067; x_wconf 78' lang='lat' dir='ltr'><strong>testatur.</strong></span> 
     </span>
     <span class='ocr_line' id='line_1_15' title="bbox 183 1078 2184 1139; baseline 0 -12"><span class='ocrx_word' id='word_1_150' title='bbox 183 1082 234 1127; x_wconf 86' lang='lat' dir='ltr'><strong>Ut</strong></span> <span class='ocrx_word' id='word_1_151' title='bbox 267 1096 378 1126; x_wconf 85' lang='lat' dir='ltr'><strong>vero</strong></span> <span class='ocrx_word' id='word_1_152' title='bbox 413 1082 558 1138; x_wconf 83' lang='lat' dir='ltr'><strong>optimi</strong></span> <span class='ocrx_word' id='word_1_153' title='bbox 590 1078 689 1123; x_wconf 85' lang='lat' dir='ltr'><strong>libri</strong></span> <span class='ocrx_word' id='word_1_154' title='bbox 720 1095 784 1137; x_wconf 84' lang='lat' dir='ltr'><strong>ap.</strong></span> <span class='ocrx_word' id='word_1_155' title='bbox 802 1078 1002 1122; x_wconf 86' lang='lat' dir='ltr'><strong>Ciceron.</strong></span> <span class='ocrx_word' id='word_1_156' title='bbox 1036 1078 1089 1122; x_wconf 86' lang='lat' dir='ltr'><strong>ad</strong></span> <span class='ocrx_word' id='word_1_157' title='bbox 1120 1079 1245 1122; x_wconf 86' lang='lat' dir='ltr'><strong>Attic.</strong></span> <span class='ocrx_word' id='word_1_158' title='bbox 1282 1079 1391 1133; x_wconf 87' lang='lat' dir='ltr'>VIII,</span> <span class='ocrx_word' id='word_1_159' title='bbox 1429 1079 1501 1135; x_wconf 73' lang='lat'><strong>13,</strong></span> <span class='ocrx_word' id='word_1_160' title='bbox 1529 1081 1549 1124; x_wconf 88' lang='lat'>1</span> <span class='ocrx_word' id='word_1_161' title='bbox 1584 1085 1843 1138; x_wconf 70' lang='lat' dir='ltr'><strong>tramisisset,</strong></span> <span class='ocrx_word' id='word_1_162' title='bbox 1876 1083 1951 1139; x_wconf 90' lang='lat' dir='ltr'><strong>IX,</strong></span> <span class='ocrx_word' id='word_1_163' title='bbox 1987 1084 2105 1138; x_wconf 87' lang='lat' dir='ltr'>XVI,</span> <span class='ocrx_word' id='word_1_164' title='bbox 2139 1084 2184 1136; x_wconf 79' lang='lat'><strong>6,</strong></span> 
     </span>
     <span class='ocr_line' id='line_1_16' title="bbox 184 1141 2183 1201; baseline 0.002 -13"><span class='ocrx_word' id='word_1_165' title='bbox 184 1144 417 1188; x_wconf 70' lang='lat' dir='ltr'><strong>ttramittt.</strong></span> <span class='ocrx_word' id='word_1_166' title='bbox 440 1141 721 1200; x_wconf 78' lang='lat' dir='ltr'><strong>suppeditant,</strong></span> <span class='ocrx_word' id='word_1_167' title='bbox 753 1143 809 1186; x_wconf 89' lang='lat' dir='ltr'><strong>ita</strong></span> <span class='ocrx_word' id='word_1_168' title='bbox 840 1141 995 1186; x_wconf 85' lang='lat' dir='ltr'><strong>nullam</strong></span> <span class='ocrx_word' id='word_1_169' title='bbox 1029 1142 1201 1185; x_wconf 88' lang='lat' dir='ltr'><strong>omnino</strong></span> <span class='ocrx_word' id='word_1_170' title='bbox 1234 1141 1432 1186; x_wconf 86' lang='lat' dir='ltr'><strong>lectionis</strong></span> <span class='ocrx_word' id='word_1_171' title='bbox 1463 1144 1713 1187; x_wconf 80' lang='lat' dir='ltr'><strong>varietatem</strong></span> <span class='ocrx_word' id='word_1_172' title='bbox 1744 1143 1944 1190; x_wconf 83' lang='lat' dir='ltr'><strong>indicavit</strong></span> <span class='ocrx_word' id='word_1_173' title='bbox 1976 1144 2183 1201; x_wconf 87' lang='lat' dir='ltr'><strong>Orellius,</strong></span> 
     </span>
     <span class='ocr_line' id='line_1_17' title="bbox 181 1204 2183 1260; baseline 0.001 -11"><span class='ocrx_word' id='word_1_174' title='bbox 181 1221 274 1249; x_wconf 89' lang='lat' dir='ltr'><strong>cum</strong></span> <span class='ocrx_word' id='word_1_175' title='bbox 305 1205 459 1248; x_wconf 83' lang='lat' dir='ltr'><strong>ibidem</strong></span> <span class='ocrx_word' id='word_1_176' title='bbox 493 1204 610 1258; x_wconf 93' lang='lat' dir='ltr'>XVI,</span> <span class='ocrx_word' id='word_1_177' title='bbox 641 1204 684 1258; x_wconf 87' lang='lat'><strong>6,</strong></span> <span class='ocrx_word' id='word_1_178' title='bbox 721 1204 741 1246; x_wconf 94' lang='lat'>1</span> <span class='ocrx_word' id='word_1_179' title='bbox 780 1208 903 1260; x_wconf 77' lang='lat' dir='ltr'><strong>(quos</strong></span> <span class='ocrx_word' id='word_1_180' title='bbox 935 1206 1112 1246; x_wconf 78' lang='lat' dir='ltr'><strong>tramitti</strong></span> <span class='ocrx_word' id='word_1_181' title='bbox 1141 1206 1372 1259; x_wconf 81' lang='lat' dir='ltr'><strong>oporteret)</strong></span> <span class='ocrx_word' id='word_1_182' title='bbox 1402 1208 1580 1247; x_wconf 80' lang='lat' dir='ltr'><strong>tramitti</strong></span> <span class='ocrx_word' id='word_1_183' title='bbox 1610 1212 1652 1247; x_wconf 90' lang='lat' dir='ltr'><strong>et</strong></span> <span class='ocrx_word' id='word_1_184' title='bbox 1688 1208 1731 1259; x_wconf 83' lang='lat'><strong>7,</strong></span> <span class='ocrx_word' id='word_1_185' title='bbox 1763 1207 1784 1250; x_wconf 87' lang='lat'>1</span> <span class='ocrx_word' id='word_1_186' title='bbox 1818 1209 1930 1260; x_wconf 77' lang='lat' dir='ltr'><strong>(inde</strong></span> <span class='ocrx_word' id='word_1_187' title='bbox 1957 1211 2183 1251; x_wconf 73' lang='lat' dir='ltr'><strong>enimtra-</strong></span> 
     </span>
     <span class='ocr_line' id='line_1_18' title="bbox 180 1262 2182 1324; baseline 0.001 -13"><span class='ocrx_word' id='word_1_188' title='bbox 180 1266 409 1323; x_wconf 73' lang='lat' dir='ltr'><strong>aem’ttebam)</strong></span> <span class='ocrx_word' id='word_1_189' title='bbox 441 1265 722 1310; x_wconf 77' lang='lat' dir='ltr'><strong>tramittebam</strong></span> <span class='ocrx_word' id='word_1_190' title='bbox 754 1266 936 1324; x_wconf 88' lang='lat' dir='ltr'><strong>scripsit.</strong></span> <span class='ocrx_word' id='word_1_191' title='bbox 984 1262 1177 1309; x_wconf 84' lang='lat' dir='ltr'><strong>Eandem</strong></span> <span class='ocrx_word' id='word_1_192' title='bbox 1205 1264 1383 1309; x_wconf 81' lang='lat' dir='ltr'><strong>formam</strong></span> <span class='ocrx_word' id='word_1_193' title='bbox 1416 1272 1539 1311; x_wconf 86' lang='lat' dir='ltr'><strong>vetus</strong></span> <span class='ocrx_word' id='word_1_194' title='bbox 1576 1274 1800 1311; x_wconf 89' lang='lat' dir='ltr'><strong>corrector</strong></span> <span class='ocrx_word' id='word_1_195' title='bbox 1827 1268 1921 1312; x_wconf 88' lang='lat' dir='ltr'><strong>ibid.</strong></span> <span class='ocrx_word' id='word_1_196' title='bbox 1956 1269 2070 1324; x_wconf 91' lang='lat' dir='ltr'>VIII,</span> <span class='ocrx_word' id='word_1_197' title='bbox 2110 1270 2182 1324; x_wconf 83' lang='lat'><strong>11,</strong></span> 
     </span>
    </p>

    <p class='ocr_par' dir='ltr' id='par_1_4' title="bbox 1330 1332 1399 1370">
     <span class='ocr_line' id='line_1_19' title="bbox 1330 1332 1399 1370; baseline 0 0"><span class='ocrx_word' id='word_1_198' title='bbox 1330 1332 1399 1370; x_wconf 88' lang='lat' dir='ltr'><strong>tra</strong></span> 
     </span>
    </p>

    <p class='ocr_par' dir='ltr' id='par_1_5' title="bbox 173 1388 2180 1883">
     <span class='ocr_line' id='line_1_20' title="bbox 183 1388 2180 1449; baseline 0.002 -14"><span class='ocrx_word' id='word_1_199' title='bbox 183 1393 223 1436; x_wconf 86' lang='lat' dir='ltr'><strong>in</strong></span> <span class='ocrx_word' id='word_1_200' title='bbox 257 1392 441 1448; x_wconf 84' lang='lat' dir='ltr'><strong>egregio</strong></span> <span class='ocrx_word' id='word_1_201' title='bbox 473 1389 711 1449; x_wconf 86' lang='lat' dir='ltr'><strong>exemplari</strong></span> <span class='ocrx_word' id='word_1_202' title='bbox 744 1389 941 1434; x_wconf 88' lang='lat' dir='ltr'><strong>Mediceo</strong></span> <span class='ocrx_word' id='word_1_203' title='bbox 976 1388 1146 1444; x_wconf 86' lang='lat' dir='ltr'><strong>refecit,</strong></span> <span class='ocrx_word' id='word_1_204' title='bbox 1181 1388 1251 1434; x_wconf 88' lang='lat' dir='ltr'><strong>uhi</strong></span> <span class='ocrx_word' id='word_1_205' title='bbox 1286 1391 1595 1435; x_wconf 61' lang='lat' dir='ltr'><strong>immissurum</strong></span> <span class='ocrx_word' id='word_1_206' title='bbox 1627 1395 1871 1449; x_wconf 85' lang='lat' dir='ltr'><strong>reperimus.</strong></span> <span class='ocrx_word' id='word_1_207' title='bbox 1930 1395 1997 1438; x_wconf 87' lang='lat' dir='ltr'><strong>Ac</strong></span> <span class='ocrx_word' id='word_1_208' title='bbox 2031 1396 2180 1439; x_wconf 82' lang='lat' dir='ltr'><strong>Velius</strong></span> 
     </span>
     <span class='ocr_line' id='line_1_21' title="bbox 183 1450 2180 1513; baseline 0.003 -19"><span class='ocrx_word' id='word_1_209' title='bbox 183 1453 355 1507; x_wconf 85' lang='lat' dir='ltr'><strong>Longus</strong></span> <span class='ocrx_word' id='word_1_210' title='bbox 386 1453 553 1510; x_wconf 79' lang='lat' dir='ltr'><strong>quidem</strong></span> <span class='ocrx_word' id='word_1_211' title='bbox 582 1464 651 1509; x_wconf 86' lang='lat' dir='ltr'><strong>pg.</strong></span> <span class='ocrx_word' id='word_1_212' title='bbox 684 1451 820 1505; x_wconf 75' lang='lat'><strong>2227,</strong></span> <span class='ocrx_word' id='word_1_213' title='bbox 850 1451 1039 1511; x_wconf 10' lang='lat' dir='ltr'><strong>quiqduo</strong></span> <span class='ocrx_word' id='word_1_214' title='bbox 1067 1450 1302 1493; x_wconf 85' lang='lat' dir='ltr'><strong>verborum</strong></span> <span class='ocrx_word' id='word_1_215' title='bbox 1320 1465 1485 1507; x_wconf 84' lang='lat' dir='ltr'><strong>genera</strong></span> <span class='ocrx_word' id='word_1_216' title='bbox 1516 1452 1735 1507; x_wconf 88' lang='lat' dir='ltr'><strong>discernit,</strong></span> <span class='ocrx_word' id='word_1_217' title='bbox 1768 1467 1905 1509; x_wconf 92' lang='lat' dir='ltr'><strong>unum,</strong></span> <span class='ocrx_word' id='word_1_218' title='bbox 1939 1455 2050 1513; x_wconf 91' lang='lat' dir='ltr'><strong>quod</strong></span> <span class='ocrx_word' id='word_1_219' title='bbox 2085 1467 2180 1499; x_wconf 86' lang='lat' dir='ltr'><strong>cum</strong></span> 
     </span>
     <span class='ocr_line' id='line_1_22' title="bbox 180 1512 2178 1575; baseline 0.002 -17"><span class='ocrx_word' id='word_1_220' title='bbox 180 1514 381 1558; x_wconf 80' lang='lat' dir='ltr'><strong>alterutra</strong></span> <span class='ocrx_word' id='word_1_221' title='bbox 422 1515 756 1572; x_wconf 77' lang='lat' dir='ltr'><strong>praepositionis</strong></span> <span class='ocrx_word' id='word_1_222' title='bbox 799 1512 938 1557; x_wconf 86' lang='lat' dir='ltr'><strong>forma</strong></span> <span class='ocrx_word' id='word_1_223' title='bbox 978 1515 1182 1570; x_wconf 89' lang='lat' dir='ltr'><strong>conjungi</strong></span> <span class='ocrx_word' id='word_1_224' title='bbox 1221 1512 1400 1569; x_wconf 85' lang='lat' dir='ltr'><strong>debeat,</strong></span> <span class='ocrx_word' id='word_1_225' title='bbox 1436 1514 1640 1570; x_wconf 87' lang='lat' dir='ltr'><strong>alterum,</strong></span> <span class='ocrx_word' id='word_1_226' title='bbox 1692 1516 1802 1573; x_wconf 93' lang='lat' dir='ltr'><strong>quod</strong></span> <span class='ocrx_word' id='word_1_227' title='bbox 1841 1523 2055 1575; x_wconf 84' lang='lat' dir='ltr'><strong>utramque</strong></span> <span class='ocrx_word' id='word_1_228' title='bbox 2097 1518 2178 1561; x_wconf 89' lang='lat' dir='ltr'><strong>ad·-</strong></span> 
     </span>
     <span class='ocr_line' id='line_1_23' title="bbox 178 1575 2177 1635; baseline 0.002 -15"><span class='ocrx_word' id='word_1_229' title='bbox 178 1578 308 1620; x_wconf 84' lang='lat' dir='ltr'><strong>mittat</strong></span> <span class='ocrx_word' id='word_1_230' title='bbox 340 1576 537 1635; x_wconf 90' lang='lat' dir='ltr'><strong>quodque</strong></span> <span class='ocrx_word' id='word_1_231' title='bbox 566 1575 617 1621; x_wconf 91' lang='lat' dir='ltr'><strong>ab</strong></span> <span class='ocrx_word' id='word_1_232' title='bbox 651 1576 745 1620; x_wconf 87' lang='lat' dir='ltr'><strong>aliis</strong></span> <span class='ocrx_word' id='word_1_233' title='bbox 776 1589 869 1619; x_wconf 91' lang='lat' dir='ltr'><strong>cum</strong></span> <span class='ocrx_word' id='word_1_234' title='bbox 906 1575 1035 1634; x_wconf 88' lang='lat' dir='ltr'><strong>plena</strong></span> <span class='ocrx_word' id='word_1_235' title='bbox 1066 1577 1388 1633; x_wconf 69' lang='lat' dir='ltr'><strong>praepositione</strong></span> <span class='ocrx_word' id='word_1_236' title='bbox 1422 1576 1671 1634; x_wconf 88' lang='lat' dir='ltr'><strong>copuletur,</strong></span> <span class='ocrx_word' id='word_1_237' title='bbox 1710 1576 1760 1621; x_wconf 89' lang='lat' dir='ltr'><strong>ab</strong></span> <span class='ocrx_word' id='word_1_238' title='bbox 1791 1579 1884 1623; x_wconf 88' lang='lat' dir='ltr'><strong>aliis</strong></span> <span class='ocrx_word' id='word_1_239' title='bbox 1916 1586 2050 1624; x_wconf 88' lang='lat' dir='ltr'><strong>autem</strong></span> <span class='ocrx_word' id='word_1_240' title='bbox 2085 1593 2177 1623; x_wconf 90' lang='lat' dir='ltr'><strong>cum</strong></span> 
     </span>
     <span class='ocr_line' id='line_1_24' title="bbox 177 1638 2178 1698; baseline 0.002 -17"><span class='ocrx_word' id='word_1_241' title='bbox 177 1641 334 1683; x_wconf 79' lang='lat' dir='ltr'><strong>minuta</strong></span> <span class='ocrx_word' id='word_1_242' title='bbox 364 1641 570 1695; x_wconf 83' lang='lat' dir='ltr'><strong>conjungi</strong></span> <span class='ocrx_word' id='word_1_243' title='bbox 602 1638 740 1683; x_wconf 81' lang='lat' dir='ltr'><strong>soleat</strong></span> <span class='ocrx_word' id='word_1_244' title='bbox 768 1645 947 1697; x_wconf 88' lang='lat' dir='ltr'><strong>propter</strong></span> <span class='ocrx_word' id='word_1_245' title='bbox 979 1639 1074 1681; x_wconf 91' lang='lat' dir='ltr'><strong>soni</strong></span> <span class='ocrx_word' id='word_1_246' title='bbox 1107 1638 1344 1693; x_wconf 84' lang='lat' dir='ltr'><strong>lenitatem,</strong></span> <span class='ocrx_word' id='word_1_247' title='bbox 1387 1640 1431 1681; x_wconf 90' lang='lat' dir='ltr'><strong>in</strong></span> <span class='ocrx_word' id='word_1_248' title='bbox 1456 1638 1539 1683; x_wconf 92' lang='lat' dir='ltr'><strong>hoc</strong></span> <span class='ocrx_word' id='word_1_249' title='bbox 1570 1653 1747 1684; x_wconf 89' lang='lat' dir='ltr'><strong>numero</strong></span> <span class='ocrx_word' id='word_1_250' title='bbox 1777 1645 2047 1698; x_wconf 73' lang='lat' dir='ltr'><strong>transposuit,</strong></span> <span class='ocrx_word' id='word_1_251' title='bbox 2080 1648 2178 1685; x_wconf 85' lang='lat' dir='ltr'><strong>tra-</strong></span> 
     </span>
     <span class='ocr_line' id='line_1_25' title="bbox 173 1699 2175 1758; baseline 0.002 -14"><span class='ocrx_word' id='word_1_252' title='bbox 173 1704 332 1758; x_wconf 72' lang='lat' dir='ltr'><strong>poauit,</strong></span> <span class='ocrx_word' id='word_1_253' title='bbox 364 1704 613 1756; x_wconf 69' lang='lat' dir='ltr'><strong>transmisit,</strong></span> <span class='ocrx_word' id='word_1_254' title='bbox 643 1703 826 1745; x_wconf 77' lang='lat' dir='ltr'><strong>tramisit</strong></span> <span class='ocrx_word' id='word_1_255' title='bbox 845 1700 996 1743; x_wconf 88' lang='lat' dir='ltr'><strong>habuit.</strong></span> <span class='ocrx_word' id='word_1_256' title='bbox 1043 1699 1234 1744; x_wconf 90' lang='lat' dir='ltr'><strong>Eandem</strong></span> <span class='ocrx_word' id='word_1_257' title='bbox 1250 1714 1350 1744; x_wconf 78' lang='lat' dir='ltr'><strong>usus</strong></span> <span class='ocrx_word' id='word_1_258' title='bbox 1386 1703 1638 1745; x_wconf 84' lang='lat' dir='ltr'><strong>varietatem</strong></span> <span class='ocrx_word' id='word_1_259' title='bbox 1669 1716 1726 1745; x_wconf 82' lang='lat' dir='ltr'><strong>ex</strong></span> <span class='ocrx_word' id='word_1_260' title='bbox 1760 1705 1907 1747; x_wconf 86' lang='lat' dir='ltr'><strong>aetatis</strong></span> <span class='ocrx_word' id='word_1_261' title='bbox 1937 1704 2175 1748; x_wconf 87' lang='lat' dir='ltr'><strong>discrimine</strong></span> 
     </span>
     <span class='ocr_line' id='line_1_26' title="bbox 173 1761 2176 1821; baseline 0.001 -14"><span class='ocrx_word' id='word_1_262' title='bbox 173 1762 441 1818; x_wconf 85' lang='lat' dir='ltr'><strong>judicandam</strong></span> <span class='ocrx_word' id='word_1_263' title='bbox 483 1778 606 1817; x_wconf 88' lang='lat' dir='ltr'><strong>esse,</strong></span> <span class='ocrx_word' id='word_1_264' title='bbox 656 1777 749 1806; x_wconf 90' lang='lat' dir='ltr'><strong>cum</strong></span> <span class='ocrx_word' id='word_1_265' title='bbox 804 1762 995 1805; x_wconf 86' lang='lat' dir='ltr'><strong>Donatus</strong></span> <span class='ocrx_word' id='word_1_266' title='bbox 1038 1761 1091 1804; x_wconf 88' lang='lat' dir='ltr'><strong>ad</strong></span> <span class='ocrx_word' id='word_1_267' title='bbox 1132 1761 1305 1805; x_wconf 85' lang='lat' dir='ltr'><strong>Terent.</strong></span> <span class='ocrx_word' id='word_1_268' title='bbox 1340 1762 1467 1806; x_wconf 87' lang='lat' dir='ltr'><strong>Phor.</strong></span> <span class='ocrx_word' id='word_1_269' title='bbox 1501 1763 1674 1821; x_wconf 87' lang='lat' dir='ltr'><strong>Prolog.</strong></span> <span class='ocrx_word' id='word_1_270' title='bbox 1711 1764 1751 1809; x_wconf 84' lang='lat'><strong>2.</strong></span> <span class='ocrx_word' id='word_1_271' title='bbox 1778 1765 1925 1821; x_wconf 87' lang='lat' dir='ltr'><strong>docet,</strong></span> <span class='ocrx_word' id='word_1_272' title='bbox 1967 1773 2049 1809; x_wconf 88' lang='lat' dir='ltr'><strong>tam</strong></span> <span class='ocrx_word' id='word_1_273' title='bbox 2085 1781 2176 1809; x_wconf 87' lang='lat' dir='ltr'><strong>am-</strong></span> 
     </span>
     <span class='ocr_line' id='line_1_27' title="bbox 178 1822 2157 1883; baseline 0.001 -14"><span class='ocrx_word' id='word_1_274' title='bbox 178 1824 306 1882; x_wconf 81' lang='lat' dir='ltr'><strong>bigue</strong></span> <span class='ocrx_word' id='word_1_275' title='bbox 331 1825 531 1883; x_wconf 85' lang='lat' dir='ltr'><strong>loquitur,</strong></span> <span class='ocrx_word' id='word_1_276' title='bbox 565 1832 609 1869; x_wconf 90' lang='lat' dir='ltr'><strong>ut</strong></span> <span class='ocrx_word' id='word_1_277' title='bbox 641 1831 873 1883; x_wconf 85' lang='lat' dir='ltr'><strong>praecept-a</strong></span> <span class='ocrx_word' id='word_1_278' title='bbox 906 1825 1000 1880; x_wconf 87' lang='lat' dir='ltr'><strong>ejus</strong></span> <span class='ocrx_word' id='word_1_279' title='bbox 1021 1822 1074 1867; x_wconf 89' lang='lat' dir='ltr'><strong>ad</strong></span> <span class='ocrx_word' id='word_1_280' title='bbox 1100 1823 1209 1867; x_wconf 88' lang='lat' dir='ltr'><strong>hanc</strong></span> <span class='ocrx_word' id='word_1_281' title='bbox 1243 1838 1333 1868; x_wconf 87' lang='lat' dir='ltr'><strong>rem</strong></span> <span class='ocrx_word' id='word_1_282' title='bbox 1367 1824 1649 1870; x_wconf 88' lang='lat' dir='ltr'><strong>definiendam</strong></span> <span class='ocrx_word' id='word_1_283' title='bbox 1680 1840 1764 1870; x_wconf 89' lang='lat' dir='ltr'><strong>non</strong></span> <span class='ocrx_word' id='word_1_284' title='bbox 1794 1827 1962 1872; x_wconf 86' lang='lat' dir='ltr'><strong>multum</strong></span> <span class='ocrx_word' id='word_1_285' title='bbox 1980 1829 2157 1873; x_wconf 83' lang='lat' dir='ltr'><strong>valeant.</strong></span> 
     </span>
    </p>
   </div>
   <div class='ocr_carea' id='block_1_3' title="bbox 1025 1921 1348 1989">
    <p class='ocr_par' dir='ltr' id='par_1_6' title="bbox 1025 1921 1348 1989">
     <span class='ocr_line' id='line_1_28' title="bbox 1025 1921 1348 1989; baseline -0.003 -12"><span class='ocrx_word' id='word_1_286' title='bbox 1025 1922 1191 1989; x_wconf 76' lang='lat' dir='ltr'><strong>Cap.</strong></span> <span class='ocrx_word' id='word_1_287' title='bbox 1226 1921 1348 1976; x_wconf 77' lang='lat' dir='ltr'><strong>lv.</strong></span> 
     </span>
    </p>
   </div>
   <div class='ocr_carea' id='block_1_4' title="bbox 170 2009 2176 3126">
    <p class='ocr_par' dir='ltr' id='par_1_7' title="bbox 170 2009 2176 3126">
     <span class='ocr_line' id='line_1_29' title="bbox 352 2009 2176 2069; baseline 0.001 -15"><span class='ocrx_word' id='word_1_288' title='bbox 352 2014 579 2067; x_wconf 70' lang='lat' dir='ltr'><strong>jurassem.</strong></span> <span class='ocrx_word' id='word_1_289' title='bbox 617 2010 676 2054; x_wconf 81' lang='lat' dir='ltr'><strong>Ita</strong></span> <span class='ocrx_word' id='word_1_290' title='bbox 696 2013 740 2054; x_wconf 91' lang='lat' dir='ltr'><strong>in</strong></span> <span class='ocrx_word' id='word_1_291' title='bbox 760 2009 864 2054; x_wconf 89' lang='lat' dir='ltr'><strong>Cod.</strong></span> <span class='ocrx_word' id='word_1_292' title='bbox 886 2010 1075 2054; x_wconf 90' lang='lat' dir='ltr'><strong>Vatican.</strong></span> <span class='ocrx_word' id='word_1_293' title='bbox 1109 2011 1311 2067; x_wconf 88' lang='lat' dir='ltr'><strong>scriptum</strong></span> <span class='ocrx_word' id='word_1_294' title='bbox 1334 2016 1420 2064; x_wconf 88' lang='lat' dir='ltr'><strong>est;</strong></span> <span class='ocrx_word' id='word_1_295' title='bbox 1447 2018 1489 2055; x_wconf 91' lang='lat' dir='ltr'><strong>at</strong></span> <span class='ocrx_word' id='word_1_296' title='bbox 1512 2012 1758 2056; x_wconf 90' lang='lat' dir='ltr'><strong>emendator</strong></span> <span class='ocrx_word' id='word_1_297' title='bbox 1778 2014 1911 2056; x_wconf 85' lang='lat' dir='ltr'><strong>voluit</strong></span> <span class='ocrx_word' id='word_1_298' title='bbox 1918 2015 2176 2069; x_wconf 71' lang='lat' dir='ltr'><strong>juravissen-</strong></span> 
     </span>
     <span class='ocr_line' id='line_1_30' title="bbox 176 2070 2173 2131; baseline 0.001 -14"><span class='ocrx_word' id='word_1_299' title='bbox 176 2074 281 2131; x_wconf 80' lang='lat' dir='ltr'><strong>legi,</strong></span> <span class='ocrx_word' id='word_1_300' title='bbox 315 2073 428 2131; x_wconf 89' lang='lat' dir='ltr'><strong>quod</strong></span> <span class='ocrx_word' id='word_1_301' title='bbox 472 2071 707 2117; x_wconf 78' lang='lat' dir='ltr'><strong>editoribus</strong></span> <span class='ocrx_word' id='word_1_302' title='bbox 748 2072 926 2117; x_wconf 88' lang='lat' dir='ltr'><strong>mirifice</strong></span> <span class='ocrx_word' id='word_1_303' title='bbox 959 2072 1126 2131; x_wconf 86' lang='lat' dir='ltr'><strong>placuit.</strong></span> <span class='ocrx_word' id='word_1_304' title='bbox 1194 2070 1305 2125; x_wconf 86' lang='lat' dir='ltr'><strong>Quid</strong></span> <span class='ocrx_word' id='word_1_305' title='bbox 1346 2073 1491 2117; x_wconf 83' lang='lat' dir='ltr'><strong>enim?</strong></span> <span class='ocrx_word' id='word_1_306' title='bbox 1538 2073 1909 2119; x_wconf 87' lang='lat' dir='ltr'><strong>Luculentissimus</strong></span> <span class='ocrx_word' id='word_1_307' title='bbox 1942 2081 2007 2119; x_wconf 89' lang='lat' dir='ltr'><strong>est</strong></span> <span class='ocrx_word' id='word_1_308' title='bbox 2039 2073 2173 2119; x_wconf 89' lang='lat' dir='ltr'><strong>Cice-</strong></span> 
     </span>
     <span class='ocr_line' id='line_1_31' title="bbox 176 2134 2173 2192; baseline 0.001 -14"><span class='ocrx_word' id='word_1_309' title='bbox 176 2137 295 2179; x_wconf 75' lang='lat' dir='ltr'><strong>renis</strong></span> <span class='ocrx_word' id='word_1_310' title='bbox 327 2135 451 2179; x_wconf 90' lang='lat' dir='ltr'><strong>locus</strong></span> <span class='ocrx_word' id='word_1_311' title='bbox 486 2134 600 2178; x_wconf 82' lang='lat' dir='ltr'><em>Orat.</em></span> <span class='ocrx_word' id='word_1_312' title='bbox 632 2134 800 2189; x_wconf 90' lang='lat' dir='ltr'>XLVII,</span> <span class='ocrx_word' id='word_1_313' title='bbox 835 2135 940 2189; x_wconf 75' lang='lat'><strong>157,</strong></span> <span class='ocrx_word' id='word_1_314' title='bbox 980 2134 1051 2177; x_wconf 89' lang='lat' dir='ltr'><strong>ubi</strong></span> <span class='ocrx_word' id='word_1_315' title='bbox 1088 2136 1181 2191; x_wconf 87' lang='lat' dir='ltr'><strong>ipse</strong></span> <span class='ocrx_word' id='word_1_316' title='bbox 1222 2136 1409 2191; x_wconf 82' lang='lat' dir='ltr'><strong>scriptor</strong></span> <span class='ocrx_word' id='word_1_317' title='bbox 1446 2136 1786 2192; x_wconf 80' lang='lat' dir='ltr'><strong>elegantissimus</strong></span> <span class='ocrx_word' id='word_1_318' title='bbox 1828 2143 1975 2180; x_wconf 89' lang='lat' dir='ltr'><strong>contra</strong></span> <span class='ocrx_word' id='word_1_319' title='bbox 2017 2137 2173 2179; x_wconf 88' lang='lat' dir='ltr'><strong>analo—</strong></span> 
     </span>
     <span class='ocr_line' id='line_1_32' title="bbox 174 2195 2174 2256; baseline 0 -15"><span class='ocrx_word' id='word_1_320' title='bbox 174 2197 274 2255; x_wconf 79' lang='lat' dir='ltr'><strong>giae</strong></span> <span class='ocrx_word' id='word_1_321' title='bbox 309 2197 536 2255; x_wconf 88' lang='lat' dir='ltr'><strong>magistros</strong></span> <span class='ocrx_word' id='word_1_322' title='bbox 563 2195 615 2241; x_wconf 92' lang='lat' dir='ltr'><strong>de</strong></span> <span class='ocrx_word' id='word_1_323' title='bbox 649 2195 819 2243; x_wconf 85' lang='lat' dir='ltr'><strong>dicendi</strong></span> <span class='ocrx_word' id='word_1_324' title='bbox 843 2195 1153 2240; x_wconf 86' lang='lat' dir='ltr'><strong>consuetudine</strong></span> <span class='ocrx_word' id='word_1_325' title='bbox 1178 2195 1436 2254; x_wconf 83' lang='lat' dir='ltr'><strong>aequalium:</strong></span> <span class='ocrx_word' id='word_1_326' title='bbox 1474 2196 1613 2252; x_wconf 72' lang='lat' dir='ltr'><strong><em>Quid?</em></strong></span> <span class='ocrx_word' id='word_1_327' title='bbox 1643 2199 1794 2256; x_wconf 89' lang='lat' dir='ltr'><strong>inquit,</strong></span> <span class='ocrx_word' id='word_1_328' title='bbox 1833 2199 1942 2256; x_wconf 78' lang='lat' dir='ltr'><strong>qaod</strong></span> <span class='ocrx_word' id='word_1_329' title='bbox 1968 2200 2030 2241; x_wconf 75' lang='lat' dir='ltr'><strong>sic</strong></span> <span class='ocrx_word' id='word_1_330' title='bbox 2060 2199 2174 2256; x_wconf 62' lang='lat' dir='ltr'><strong>loquo·</strong></span> 
     </span>
     <span class='ocr_line' id='line_1_33' title="bbox 173 2258 2173 2318; baseline 0.001 -15"><span class='ocrx_word' id='word_1_331' title='bbox 173 2273 323 2314; x_wconf 70' lang='lat' dir='ltr'><strong>nosse,</strong></span> <span class='ocrx_word' id='word_1_332' title='bbox 345 2261 569 2316; x_wconf 73' lang='lat' dir='ltr'><strong>judicasse</strong></span> <span class='ocrx_word' id='word_1_333' title='bbox 595 2264 762 2314; x_wconf 79' lang='lat' dir='ltr'><strong>vetant,</strong></span> <span class='ocrx_word' id='word_1_334' title='bbox 794 2262 962 2303; x_wconf 77' lang='lat' dir='ltr'><strong>novisse</strong></span> <span class='ocrx_word' id='word_1_335' title='bbox 980 2258 1134 2315; x_wconf 75' lang='lat' dir='ltr'><strong>jubent</strong></span> <span class='ocrx_word' id='word_1_336' title='bbox 1155 2263 1197 2302; x_wconf 82' lang='lat' dir='ltr'><strong>et</strong></span> <span class='ocrx_word' id='word_1_337' title='bbox 1216 2259 1511 2314; x_wconf 69' lang='lat' dir='ltr'><strong>judicavisse?</strong></span> <span class='ocrx_word' id='word_1_338' title='bbox 1542 2263 1662 2318; x_wconf 75' lang='lat' dir='ltr'><strong>quasi</strong></span> <span class='ocrx_word' id='word_1_339' title='bbox 1700 2275 1798 2304; x_wconf 80' lang='lat' dir='ltr'><strong>vero</strong></span> <span class='ocrx_word' id='word_1_340' title='bbox 1828 2264 2084 2314; x_wconf 72' lang='lat' dir='ltr'><strong>nesciamus,</strong></span> <span class='ocrx_word' id='word_1_341' title='bbox 2127 2264 2173 2304; x_wconf 71' lang='lat' dir='ltr'><strong>in</strong></span> 
     </span>
     <span class='ocr_line' id='line_1_34' title="bbox 174 2321 2172 2380; baseline 0 -14"><span class='ocrx_word' id='word_1_342' title='bbox 174 2322 252 2366; x_wconf 72' lang='lat' dir='ltr'><strong>hoc</strong></span> <span class='ocrx_word' id='word_1_343' title='bbox 278 2336 434 2378; x_wconf 64' lang='lat' dir='ltr'><strong>genere</strong></span> <span class='ocrx_word' id='word_1_344' title='bbox 464 2326 506 2365; x_wconf 87' lang='lat' dir='ltr'><strong>et</strong></span> <span class='ocrx_word' id='word_1_345' title='bbox 525 2323 695 2379; x_wconf 79' lang='lat' dir='ltr'><strong>plenam</strong></span> <span class='ocrx_word' id='word_1_346' title='bbox 723 2321 891 2365; x_wconf 80' lang='lat' dir='ltr'><strong>verbam</strong></span> <span class='ocrx_word' id='word_1_347' title='bbox 927 2326 1041 2364; x_wconf 86' lang='lat' dir='ltr'><strong>recte</strong></span> <span class='ocrx_word' id='word_1_348' title='bbox 1075 2322 1159 2364; x_wconf 74' lang='lat' dir='ltr'><strong>dici</strong></span> <span class='ocrx_word' id='word_1_349' title='bbox 1188 2325 1231 2364; x_wconf 86' lang='lat' dir='ltr'><strong>et</strong></span> <span class='ocrx_word' id='word_1_350' title='bbox 1260 2323 1515 2366; x_wconf 77' lang='lat' dir='ltr'><strong>imminutum</strong></span> <span class='ocrx_word' id='word_1_351' title='bbox 1542 2325 1704 2366; x_wconf 77' lang='lat' dir='ltr'><strong>usitate.</strong></span> <span class='ocrx_word' id='word_1_352' title='bbox 1760 2321 1902 2380; x_wconf 87' lang='lat' dir='ltr'><strong>Itaque</strong></span> <span class='ocrx_word' id='word_1_353' title='bbox 1935 2324 2172 2367; x_wconf 84' lang='lat' dir='ltr'><strong>imminutas</strong></span> 
     </span>
     <span class='ocr_line' id='line_1_35' title="bbox 173 2382 2172 2441; baseline 0.001 -14"><span class='ocrx_word' id='word_1_354' title='bbox 173 2382 333 2429; x_wconf 86' lang='lat' dir='ltr'><strong>formas</strong></span> <span class='ocrx_word' id='word_1_355' title='bbox 366 2385 403 2429; x_wconf 91' lang='lat' dir='ltr'><strong>si</strong></span> <span class='ocrx_word' id='word_1_356' title='bbox 442 2397 530 2428; x_wconf 89' lang='lat' dir='ltr'><strong>non</strong></span> <span class='ocrx_word' id='word_1_357' title='bbox 561 2384 821 2439; x_wconf 81' lang='lat' dir='ltr'><strong>usitatiores,</strong></span> <span class='ocrx_word' id='word_1_358' title='bbox 857 2397 980 2441; x_wconf 89' lang='lat' dir='ltr'><strong>quam</strong></span> <span class='ocrx_word' id='word_1_359' title='bbox 1009 2383 1175 2440; x_wconf 87' lang='lat' dir='ltr'><strong>plenas,</strong></span> <span class='ocrx_word' id='word_1_360' title='bbox 1208 2389 1249 2427; x_wconf 88' lang='lat' dir='ltr'><strong>at</strong></span> <span class='ocrx_word' id='word_1_361' title='bbox 1281 2384 1588 2428; x_wconf 89' lang='lat' dir='ltr'><strong>consuetudine</strong></span> <span class='ocrx_word' id='word_1_362' title='bbox 1618 2384 1901 2428; x_wconf 89' lang='lat' dir='ltr'><strong>Romanorum</strong></span> <span class='ocrx_word' id='word_1_363' title='bbox 1933 2386 2172 2429; x_wconf 87' lang='lat' dir='ltr'><strong>tritissimas</strong></span> 
     </span>
     <span class='ocr_line' id='line_1_36' title="bbox 174 2444 2172 2504; baseline 0.001 -15"><span class='ocrx_word' id='word_1_364' title='bbox 174 2444 308 2491; x_wconf 76' lang='lat' dir='ltr'><strong>fuisse</strong></span> <span class='ocrx_word' id='word_1_365' title='bbox 350 2444 591 2502; x_wconf 85' lang='lat' dir='ltr'><strong>contendit,</strong></span> <span class='ocrx_word' id='word_1_366' title='bbox 628 2458 768 2504; x_wconf 92' lang='lat' dir='ltr'><strong>neque</strong></span> <span class='ocrx_word' id='word_1_367' title='bbox 810 2445 938 2489; x_wconf 87' lang='lat' dir='ltr'><strong>ullam</strong></span> <span class='ocrx_word' id='word_1_368' title='bbox 977 2444 1235 2500; x_wconf 89' lang='lat' dir='ltr'><strong>litterarum,</strong></span> <span class='ocrx_word' id='word_1_369' title='bbox 1287 2458 1397 2503; x_wconf 87' lang='lat' dir='ltr'><strong>quae</strong></span> <span class='ocrx_word' id='word_1_370' title='bbox 1448 2447 1739 2490; x_wconf 90' lang='lat' dir='ltr'><strong>contractione</strong></span> <span class='ocrx_word' id='word_1_371' title='bbox 1784 2447 2043 2502; x_wconf 84' lang='lat' dir='ltr'><strong>junguntur,</strong></span> <span class='ocrx_word' id='word_1_372' title='bbox 2093 2460 2172 2490; x_wconf 88' lang='lat' dir='ltr'><strong>ra-</strong></span> 
     </span>
     <span class='ocr_line' id='line_1_37' title="bbox 171 2506 2172 2566; baseline 0.001 -16"><span class='ocrx_word' id='word_1_373' title='bbox 171 2508 331 2551; x_wconf 82' lang='lat' dir='ltr'><strong>tionem</strong></span> <span class='ocrx_word' id='word_1_374' title='bbox 365 2514 435 2552; x_wconf 86' lang='lat' dir='ltr'><strong>aut</strong></span> <span class='ocrx_word' id='word_1_375' title='bbox 465 2510 561 2566; x_wconf 86' lang='lat' dir='ltr'><strong>ipse</strong></span> <span class='ocrx_word' id='word_1_376' title='bbox 589 2507 718 2551; x_wconf 88' lang='lat' dir='ltr'><strong>habet</strong></span> <span class='ocrx_word' id='word_1_377' title='bbox 748 2514 818 2551; x_wconf 88' lang='lat' dir='ltr'><strong>aut</strong></span> <span class='ocrx_word' id='word_1_378' title='bbox 851 2507 1116 2551; x_wconf 85' lang='lat' dir='ltr'><strong>adversariis</strong></span> <span class='ocrx_word' id='word_1_379' title='bbox 1145 2506 1298 2550; x_wconf 65' lang='lat' dir='ltr'><strong>tribuit„</strong></span> <span class='ocrx_word' id='word_1_380' title='bbox 1359 2508 1467 2559; x_wconf 86' lang='lat' dir='ltr'><strong>Quin</strong></span> <span class='ocrx_word' id='word_1_381' title='bbox 1511 2522 1584 2550; x_wconf 90' lang='lat' dir='ltr'><strong>eas</strong></span> <span class='ocrx_word' id='word_1_382' title='bbox 1626 2507 1824 2564; x_wconf 86' lang='lat' dir='ltr'><strong>exemplo</strong></span> <span class='ocrx_word' id='word_1_383' title='bbox 1868 2507 2046 2551; x_wconf 86' lang='lat' dir='ltr'><strong>Terenti</strong></span> <span class='ocrx_word' id='word_1_384' title='bbox 2086 2508 2172 2552; x_wconf 86' lang='lat' dir='ltr'><strong>de-</strong></span> 
     </span>
     <span class='ocr_line' id='line_1_38' title="bbox 171 2568 2173 2629; baseline 0.001 -17"><span class='ocrx_word' id='word_1_385' title='bbox 171 2574 380 2614; x_wconf 82' lang='lat' dir='ltr'><strong>monstrat</strong></span> <span class='ocrx_word' id='word_1_386' title='bbox 408 2571 501 2614; x_wconf 91' lang='lat' dir='ltr'><strong>sine</strong></span> <span class='ocrx_word' id='word_1_387' title='bbox 518 2568 606 2613; x_wconf 85' lang='lat' dir='ltr'><strong>ullo</strong></span> <span class='ocrx_word' id='word_1_388' title='bbox 626 2568 722 2614; x_wconf 82' lang='lat' dir='ltr'><strong>fere</strong></span> <span class='ocrx_word' id='word_1_389' title='bbox 742 2569 987 2613; x_wconf 86' lang='lat' dir='ltr'><strong>discrimine</strong></span> <span class='ocrx_word' id='word_1_390' title='bbox 1018 2569 1130 2612; x_wconf 86' lang='lat' dir='ltr'><strong>inter</strong></span> <span class='ocrx_word' id='word_1_391' title='bbox 1162 2582 1210 2613; x_wconf 90' lang='lat' dir='ltr'><strong>se</strong></span> <span class='ocrx_word' id='word_1_392' title='bbox 1232 2575 1487 2627; x_wconf 84' lang='lat' dir='ltr'><strong>permutatas</strong></span> <span class='ocrx_word' id='word_1_393' title='bbox 1507 2581 1616 2614; x_wconf 87' lang='lat' dir='ltr'><strong>esse.</strong></span> <span class='ocrx_word' id='word_1_394' title='bbox 1651 2568 1712 2612; x_wconf 90' lang='lat' dir='ltr'><strong>l.l.</strong></span> <span class='ocrx_word' id='word_1_395' title='bbox 1747 2568 1919 2626; x_wconf 81' lang='lat' dir='ltr'><strong>„Itaque</strong></span> <span class='ocrx_word' id='word_1_396' title='bbox 1951 2574 2173 2629; x_wconf 72' lang='lat' dir='ltr'><strong>utrumque</strong></span> 
     </span>
     <span class='ocr_line' id='line_1_39' title="bbox 177 2629 2171 2689; baseline 0.002 -15"><span class='ocrx_word' id='word_1_397' title='bbox 177 2630 420 2676; x_wconf 66' lang='lat' dir='ltr'><strong>Toeento‘u:</strong></span> <span class='ocrx_word' id='word_1_398' title='bbox 460 2631 558 2676; x_wconf 84' lang='grc' dir='ltr'><em>ΕΙιο</em></span> <span class='ocrx_word' id='word_1_399' title='bbox 589 2636 636 2676; x_wconf 76' lang='lat' dir='ltr'><strong>tu</strong></span> <span class='ocrx_word' id='word_1_400' title='bbox 672 2636 895 2689; x_wconf 77' lang='lat' dir='ltr'><strong>coqnatum</strong></span> <span class='ocrx_word' id='word_1_401' title='bbox 935 2635 1050 2675; x_wconf 81' lang='lat' dir='ltr'><strong>tuum</strong></span> <span class='ocrx_word' id='word_1_402' title='bbox 1077 2645 1161 2676; x_wconf 80' lang='lat' dir='ltr'><strong>non</strong></span> <span class='ocrx_word' id='word_1_403' title='bbox 1200 2645 1332 2675; x_wconf 76' lang='lat' dir='ltr'><strong>noras</strong></span> <span class='ocrx_word' id='word_1_404' title='bbox 1372 2631 1560 2688; x_wconf 85' lang='lat' dir='ltr'><strong>(Phorm.</strong></span> <span class='ocrx_word' id='word_1_405' title='bbox 1595 2630 1643 2674; x_wconf 89' lang='lat' dir='ltr'><strong>H.</strong></span> <span class='ocrx_word' id='word_1_406' title='bbox 1676 2629 1727 2685; x_wconf 91' lang='lat'><strong>3,</strong></span> <span class='ocrx_word' id='word_1_407' title='bbox 1767 2629 1884 2686; x_wconf 60' lang='lat' dir='ltr'><strong>37·st</strong></span> <span class='ocrx_word' id='word_1_408' title='bbox 1908 2637 2011 2689; x_wconf 75' lang='lat' dir='ltr'><strong>post</strong></span> <span class='ocrx_word' id='word_1_409' title='bbox 2042 2632 2171 2677; x_wconf 79' lang='lat' dir='ltr'><strong>idem:</strong></span> 
     </span>
     <span class='ocr_line' id='line_1_40' title="bbox 171 2691 2173 2753; baseline 0.001 -16"><span class='ocrx_word' id='word_1_410' title='bbox 171 2692 416 2751; x_wconf 70' lang='lat' dir='ltr'><strong>Stilponem,</strong></span> <span class='ocrx_word' id='word_1_411' title='bbox 445 2696 634 2753; x_wconf 77' lang='lat' dir='ltr'><strong>inquam,</strong></span> <span class='ocrx_word' id='word_1_412' title='bbox 661 2708 843 2738; x_wconf 78' lang='lat' dir='ltr'><strong>noveras</strong></span> <span class='ocrx_word' id='word_1_413' title='bbox 873 2693 1065 2750; x_wconf 82' lang='lat' dir='ltr'><strong>(Phorm.</strong></span> <span class='ocrx_word' id='word_1_414' title='bbox 1096 2692 1150 2749; x_wconf 93' lang='lat' dir='ltr'><strong>II,</strong></span> <span class='ocrx_word' id='word_1_415' title='bbox 1184 2691 1229 2748; x_wconf 88' lang='lat'><strong>3,</strong></span> <span class='ocrx_word' id='word_1_416' title='bbox 1261 2693 1402 2750; x_wconf 82' lang='lat'>41)?“</span> <span class='ocrx_word' id='word_1_417' title='bbox 1433 2692 1524 2737; x_wconf 92' lang='lat' dir='ltr'><strong>Nec</strong></span> <span class='ocrx_word' id='word_1_418' title='bbox 1553 2693 1675 2737; x_wconf 88' lang='lat' dir='ltr'><strong>aliter</strong></span> <span class='ocrx_word' id='word_1_419' title='bbox 1705 2694 1797 2750; x_wconf 91' lang='lat' dir='ltr'><strong>ipse</strong></span> <span class='ocrx_word' id='word_1_420' title='bbox 1829 2693 1948 2751; x_wconf 90' lang='lat' dir='ltr'><strong>loqui</strong></span> <span class='ocrx_word' id='word_1_421' title='bbox 1969 2707 2058 2739; x_wconf 90' lang='lat' dir='ltr'><strong>non</strong></span> <span class='ocrx_word' id='word_1_422' title='bbox 2088 2694 2173 2740; x_wconf 90' lang='lat' dir='ltr'><strong>du—</strong></span> 
     </span>
     <span class='ocr_line' id='line_1_41' title="bbox 171 2753 2174 2814; baseline 0.002 -16"><span class='ocrx_word' id='word_1_423' title='bbox 171 2753 335 2811; x_wconf 85' lang='lat' dir='ltr'><strong>bitavit,</strong></span> <span class='ocrx_word' id='word_1_424' title='bbox 379 2761 424 2799; x_wconf 92' lang='lat' dir='ltr'><strong>ut</strong></span> <span class='ocrx_word' id='word_1_425' title='bbox 464 2770 523 2801; x_wconf 84' lang='lat' dir='ltr'><strong>ex</strong></span> <span class='ocrx_word' id='word_1_426' title='bbox 561 2756 804 2814; x_wconf 87' lang='lat' dir='ltr'><strong>fragmento</strong></span> <span class='ocrx_word' id='word_1_427' title='bbox 844 2756 994 2800; x_wconf 90' lang='lat' dir='ltr'><strong>horum</strong></span> <span class='ocrx_word' id='word_1_428' title='bbox 1031 2754 1237 2800; x_wconf 91' lang='lat' dir='ltr'><strong>librorum</strong></span> <span class='ocrx_word' id='word_1_429' title='bbox 1275 2755 1574 2813; x_wconf 85' lang='lat' dir='ltr'><strong>intelligimus,</strong></span> <span class='ocrx_word' id='word_1_430' title='bbox 1624 2753 1735 2812; x_wconf 89' lang='lat' dir='ltr'><strong>quod</strong></span> <span class='ocrx_word' id='word_1_431' title='bbox 1770 2754 1880 2813; x_wconf 85' lang='lat' dir='ltr'><strong>apud</strong></span> <span class='ocrx_word' id='word_1_432' title='bbox 1911 2754 2022 2801; x_wconf 83' lang='lat' dir='ltr'><strong>Non.</strong></span> <span class='ocrx_word' id='word_1_433' title='bbox 2060 2771 2095 2806; x_wconf 84' lang='lat' dir='ltr'><strong>s.</strong></span> <span class='ocrx_word' id='word_1_434' title='bbox 2132 2772 2174 2802; x_wconf 78' lang='lat' dir='ltr'><strong>v.</strong></span> 
     </span>
     <span class='ocr_line' id='line_1_42' title="bbox 171 2818 2175 2877; baseline 0.002 -17"><span class='ocrx_word' id='word_1_435' title='bbox 171 2818 335 2872; x_wconf 85' lang='lat' dir='ltr'><strong>„mitis“</strong></span> <span class='ocrx_word' id='word_1_436' title='bbox 365 2824 449 2863; x_wconf 88' lang='lat' dir='ltr'><strong>est:</strong></span> <span class='ocrx_word' id='word_1_437' title='bbox 491 2818 671 2877; x_wconf 81' lang='lat' dir='ltr'><strong>Cumque</strong></span> <span class='ocrx_word' id='word_1_438' title='bbox 709 2824 932 2864; x_wconf 78' lang='lat' dir='ltr'><strong>auctamno</strong></span> <span class='ocrx_word' id='word_1_439' title='bbox 970 2823 1111 2863; x_wconf 74' lang='lat' dir='ltr'><strong>terras</strong></span> <span class='ocrx_word' id='word_1_440' title='bbox 1154 2820 1214 2862; x_wconf 85' lang='lat' dir='ltr'><strong>ad</strong></span> <span class='ocrx_word' id='word_1_441' title='bbox 1248 2819 1537 2876; x_wconf 76' lang='lat' dir='ltr'><strong>concipiendas</strong></span> <span class='ocrx_word' id='word_1_442' title='bbox 1570 2819 1716 2873; x_wconf 70' lang='lat' dir='ltr'><strong>fraqe-s</strong></span> <span class='ocrx_word' id='word_1_443' title='bbox 1740 2819 2010 2874; x_wconf 78' lang='lat' dir='ltr'><strong>patefecerit,</strong></span> <span class='ocrx_word' id='word_1_444' title='bbox 2041 2821 2175 2865; x_wconf 78' lang='lat' dir='ltr'><strong>hieme</strong></span> 
     </span>
     <span class='ocr_line' id='line_1_43' title="bbox 170 2879 2172 2937; baseline 0.002 -15"><span class='ocrx_word' id='word_1_445' title='bbox 170 2879 230 2921; x_wconf 81' lang='lat' dir='ltr'><strong>ad</strong></span> <span class='ocrx_word' id='word_1_446' title='bbox 264 2882 545 2937; x_wconf 76' lang='lat' dir='ltr'><strong>conficiendas</strong></span> <span class='ocrx_word' id='word_1_447' title='bbox 586 2882 818 2937; x_wconf 76' lang='lat' dir='ltr'><strong>relaaearit,</strong></span> <span class='ocrx_word' id='word_1_448' title='bbox 868 2884 1035 2926; x_wconf 79' lang='lat' dir='ltr'><strong>aestiva</strong></span> <span class='ocrx_word' id='word_1_449' title='bbox 1082 2883 1327 2925; x_wconf 75' lang='lat' dir='ltr'><strong>maturitate</strong></span> <span class='ocrx_word' id='word_1_450' title='bbox 1373 2881 1461 2924; x_wconf 80' lang='lat' dir='ltr'><strong>alia</strong></span> <span class='ocrx_word' id='word_1_451' title='bbox 1502 2881 1778 2936; x_wconf 64' lang='lat' dir='ltr'><strong>mitigaverit,</strong></span> <span class='ocrx_word' id='word_1_452' title='bbox 1829 2881 1919 2924; x_wconf 81' lang='lat' dir='ltr'><strong>alia</strong></span> <span class='ocrx_word' id='word_1_453' title='bbox 1957 2887 2172 2928; x_wconf 78' lang='lat' dir='ltr'><strong>torruerit.</strong></span> 
     </span>
     <span class='ocr_line' id='line_1_44' title="bbox 171 2938 2172 2999; baseline 0.004 -17"><span class='ocrx_word' id='word_1_454' title='bbox 171 2938 320 2999; x_wconf 86' lang='lat' dir='ltr'><strong>Neque</strong></span> <span class='ocrx_word' id='word_1_455' title='bbox 354 2942 483 2987; x_wconf 91' lang='lat' dir='ltr'><strong>ullum</strong></span> <span class='ocrx_word' id='word_1_456' title='bbox 519 2943 751 2988; x_wconf 89' lang='lat' dir='ltr'><strong>discrimen</strong></span> <span class='ocrx_word' id='word_1_457' title='bbox 790 2946 831 2988; x_wconf 89' lang='lat' dir='ltr'><strong>in</strong></span> <span class='ocrx_word' id='word_1_458' title='bbox 876 2944 958 2988; x_wconf 88' lang='lat' dir='ltr'><strong>hoc</strong></span> <span class='ocrx_word' id='word_1_459' title='bbox 1003 2957 1080 2988; x_wconf 89' lang='lat' dir='ltr'><strong>usu</strong></span> <span class='ocrx_word' id='word_1_460' title='bbox 1125 2943 1472 2987; x_wconf 87' lang='lat' dir='ltr'><strong>commemoravit</strong></span> <span class='ocrx_word' id='word_1_461' title='bbox 1506 2940 1722 2985; x_wconf 86' lang='lat' dir='ltr'><strong>Charisius</strong></span> <span class='ocrx_word' id='word_1_462' title='bbox 1762 2941 1814 2998; x_wconf 92' lang='lat' dir='ltr'><strong>II,</strong></span> <span class='ocrx_word' id='word_1_463' title='bbox 1849 2942 1889 2987; x_wconf 87' lang='lat'><strong>9.</strong></span> <span class='ocrx_word' id='word_1_464' title='bbox 1955 2944 2172 2990; x_wconf 91' lang='lat' dir='ltr'><strong>Doctores</strong></span> 
     </span>
     <span class='ocr_line' id='line_1_45' title="bbox 171 3005 2173 3062; baseline 0.004 -18"><span class='ocrx_word' id='word_1_465' title='bbox 171 3008 309 3045; x_wconf 89' lang='lat' dir='ltr'><strong>autem</strong></span> <span class='ocrx_word' id='word_1_466' title='bbox 348 3005 573 3062; x_wconf 83' lang='lat' dir='ltr'><strong>analogiae</strong></span> <span class='ocrx_word' id='word_1_467' title='bbox 618 3019 701 3048; x_wconf 91' lang='lat' dir='ltr'><strong>nec</strong></span> <span class='ocrx_word' id='word_1_468' title='bbox 737 3007 861 3050; x_wconf 84' lang='lat' dir='ltr'><strong>talem</strong></span> <span class='ocrx_word' id='word_1_469' title='bbox 898 3006 1175 3050; x_wconf 83' lang='lat' dir='ltr'><strong>differentiam</strong></span> <span class='ocrx_word' id='word_1_470' title='bbox 1211 3017 1451 3061; x_wconf 86' lang='lat' dir='ltr'><strong>agnoscere</strong></span> <span class='ocrx_word' id='word_1_471' title='bbox 1490 3017 1572 3046; x_wconf 89' lang='lat' dir='ltr'><strong>nec</strong></span> <span class='ocrx_word' id='word_1_472' title='bbox 1604 3005 1801 3047; x_wconf 85' lang='lat' dir='ltr'><strong>suavitati</strong></span> <span class='ocrx_word' id='word_1_473' title='bbox 1842 3009 1968 3050; x_wconf 87' lang='lat' dir='ltr'><strong>vocis</strong></span> <span class='ocrx_word' id='word_1_474' title='bbox 2001 3008 2173 3051; x_wconf 89' lang='lat' dir='ltr'><strong>multum</strong></span> 
     </span>
     <span class='ocr_line' id='line_1_46' title="bbox 171 3062 2173 3126; baseline 0.004 -20"><span class='ocrx_word' id='word_1_475' title='bbox 171 3062 274 3107; x_wconf 89' lang='lat' dir='ltr'><strong>dare</strong></span> <span class='ocrx_word' id='word_1_476' title='bbox 307 3071 550 3125; x_wconf 86' lang='lat' dir='ltr'><strong>potuerunt,</strong></span> <span class='ocrx_word' id='word_1_477' title='bbox 582 3066 677 3110; x_wconf 91' lang='lat' dir='ltr'><strong>dum</strong></span> <span class='ocrx_word' id='word_1_478' title='bbox 709 3067 836 3112; x_wconf 89' lang='lat' dir='ltr'><strong>modo</strong></span> <span class='ocrx_word' id='word_1_479' title='bbox 868 3067 1047 3125; x_wconf 88' lang='lat' dir='ltr'><strong>aliquam</strong></span> <span class='ocrx_word' id='word_1_480' title='bbox 1077 3080 1259 3112; x_wconf 85' lang='lat' dir='ltr'><strong>servare</strong></span> <span class='ocrx_word' id='word_1_481' title='bbox 1293 3065 1455 3109; x_wconf 83' lang='lat' dir='ltr'><strong>vellent</strong></span> <span class='ocrx_word' id='word_1_482' title='bbox 1488 3067 1780 3121; x_wconf 87' lang='lat' dir='ltr'><strong>constantiam,</strong></span> <span class='ocrx_word' id='word_1_483' title='bbox 1818 3080 1899 3126; x_wconf 90' lang='lat' dir='ltr'><strong>qua</strong></span> <span class='ocrx_word' id='word_1_484' title='bbox 1933 3072 2173 3115; x_wconf 86' lang='lat' dir='ltr'><strong>orationem</strong></span> 
     </span>
    </p>
   </div>
  </div>
 </body>
</html>
