2411 3275
176 144 238 190 10

174 248 228 293 de
263 262 347 307 qua
382 249 511 293 etiam
540 249 760 309 Anonym.
801 248 958 305 Paneg.
1000 246 1175 294 Maxim.
1216 253 1260 291 et
1302 245 1565 292 Constantia.
1609 262 1645 292 c.
1686 247 1727 293 2.
1774 249 1978 305 Voluptas
2016 251 2196 295 consm-

172 311 304 355 oandi
331 313 502 366 qeneris
531 312 720 356 'humani
782 310 899 363 Quae
933 322 1172 367 quanquam
1203 310 1457 353 necessario
1492 311 1651 365 oritur,
1690 311 1747 354 ita
1774 312 1943 354 tamen
1962 311 2196 368 significati

173 386 264 418 non
295 376 466 431 potest,
506 375 629 434 quasi
668 373 772 419 nihil
808 371 859 418 ab
904 371 1006 431 ipso'
1044 369 1166 416 fonte
1210 370 1398 429 differat,
1428 370 1542 417 unde
1573 377 1739 428 manet,
1765 374 2199 433 -praesertim23qunm

175 435 336 480 Cicero
370 436 566 495 plurimis
606 437 717 482 locis
761 436 1022 493 voluptatem
1064 436 1265 492 corporis
1301 434 1509 494 Epicurio
1547 448 1669 479 more
1714 434 1951 493 intelligat,
1991 449 2101 495 quae
2126 436 2198 481 ab

173 498 414 543 honestate.
438 513 491 543 ac
522 501 681 545 virtute
710 498 861 557 procul
893 495 1118 551 abhorret,
1157 502 1204 541 ut
1234 499 1454 542 contraria
1485 499 1539 543 iis
1579 496 1808 554 habeatur,
1855 495 1909 542 de
1941 497 2032 543 Fin.
2067 497 2121 553 11,
2150 498 2198 553 8,

174 561 253 615 75,
278 560 334 604 de
369 560 448 604 Off.
481 561 557 615 111,
589 561 660 605 33.
693 561 828 604 Tanta
860 565 926 602 est
958 559 1090 613 igitur
1108 558 1216 601 baec
1250 558 1422 602 dicendi
1438 560 1632 604 brevitas
1665 559 1741 604 vel
1768 561 1910 618 potius
1934 559 2197 614 ›obscur-itae,

174 628 333 682 quanta
379 637 475 668 cum
522 622 753 669 Ciceronis
795 620 1007 680 elegantia
1048 620 1275 666 conciliari
1333 628 1529 682 nequeat
1618 621 1738 678 Quae
1783 622 1972 668 lectione
1992 656 1994 659 .
2017 621 2196 680 Mosei-i,

173 687 436 743 voluptatem
470 687 724 741 scribentis,
756 687 909 743 optime
941 683 1113 727 tollitur.
1173 683 1352 737 Quoties
1396 699 1508 730 vero
1540 686 1650 730 haec
1682 687 1855 730 nomina
1885 686 1969 729 sint
2000 685 2196 740 confusa,

177 746 376 793 Gothofr.
408 748 462 793 ad
494 747 584 794 Cic.
616 748 763 794 Parad.
800 748 841 802 5,
886 744 1144 803 Heusinger.
1178 745 1231 792 ad
1263 744 1352 792 Cic.
1387 746 1440 793 de
1472 746 1552 794 off.
1584 747 1619 805 Ι,
1649 747 1725 805 26,
1755 748 1835 806 90,
1868 746 2000 794 Orell.
2028 746 2197 793 adCic.

175 810 516 869 Ep.adAttic.1,
550 812 603 865 93
637 811 710 866 11,
729 811 772 865 2,
791 809 972 853 Fickert.
1006 808 1060 851 ad
1076 807 1234 853 Senec.
1266 809 1344 868 Ep.
1375 810 1410 866 I,
1443 812 1486 867 7,
1514 811 1565 865 93
1594 810 1648 867 Π,
1687 812 1731 868 9,
1766 811 1836 855 11.
1869 811 2036 856 docent.
2067 810 2195 855 Addo

177 873 539 919 consuetudinem
574 873 821 927 Ciceronis,
853 872 922 930 qui
956 870 1161 927 studium,
1202 871 1317 930 quod
1357 872 1527 931 quidem
1567 874 1866 932 superioribus
1909 874 2034 918 dictis
2077 875 2195 918 clare

177 935 461 994 significatur,
496 951 591 981 cum
615 936 828 981 voluntate
862 947 993 992 saepe
1027 935 1253 991 conjunxit
1284 934 1338 979 de
1355 934 1520 981 Invent.
1548 935 1602 992 11,
1627 935 1702 992 31,
1729 935 1812 990 973
1846 950 1886 995 p.
1902 935 2060 981 Flacco
2080 937 2124 988 4.
2158 935 2197 980 9.

1021 1033 1188 1100 Cap.
1223 1032 1366 1088 111.

369 1137 419 1166 re
443 1123 620 1180 publica
648 1121 912 1177 defendenda.
958 1119 1334 1177 Praepositionem
1374 1123 1419 1164 in
1451 1121 1610 1165 addidit
1641 1120 1892 1176 Scbutzius,
1934 1136 2071 1180 eaque
2112 1137 2199 1170 nec⁴

177 1184 357 1230 Mosero
392 1199 536 1244 neque
572 1183 735 1229 Orellio
770 1182 989 1241 displicuit.
1055 1180 1145 1226 Sed
1183 1187 1326 1227 tamen
1366 1181 1526 1228 Cicero
1568 1197 1885 1242 saepenumero
1925 1190 2196 1241 utcausam,

178 1249 237 1291 ita
265 1260 375 1303 rem,
409 1261 494 1306 qua
511 1247 612 1306 quid
645 1245 837 1300 efficitur,
868 1250 910 1288 et
941 1245 1179 1301 materiem,
1207 1246 1258 1288 -in
1288 1259 1370 1304 qua
1386 1246 1528 1305 aliqua
1559 1246 1629 1292 vis
1663 1251 1856 1304 apparet,
1887 1245 2075 1291 ablativo
2108 1260 2197 1305 ge·—

177 1308 306 1354 rundi
340 1308 570 1367 significat,
600 1322 686 1353 non
720 1307 854 1352 addita
873 1308 1198 1366 praepositione
1233 1309 1293 1363 in,
1325 1321 1449 1367 qnam
1479 1322 1568 1353 non
1600 1310 1737 1352 nostri
1763 1308 1901 1353 solum
1933 1311 2197 1367 grammatici

179 1371 455 1427 desiderant,
497 1386 651 1417 verum
692 1372 845 1428 antiqui
885 1371 1013 1414 etiam
1051 1369 1322 1416 multifariam
1371 1373 1416 1416 in
1453 1377 1616 1416 textum
1663 1370 1906 1416 intulerunt
1962 1371 2016 1417 Ut
2055 1371 2196 1418 Pal-tit.

180 1435 287 1479 Orat
315 1434 401 1490 22,
434 1434 494 1478 76
528 1448 635 1492 quae
664 1447 760 1477 vcro
791 1433 1056 1477 moderandis
1087 1433 1386 1490 cupiditatibus
1406 1435 1692 1491 ,regendisque
1722 1435 1853 1477 animi
1885 1434 2063 1478 motibus
2093 1435 2198 1478 lau-

178 1499 319 1542 datar.
353 1496 407 1541 de
444 1496 559 1541 Orat.
590 1495 644 1553 II,
675 1495 718 1552 9,
744 1495 802 1540 34
834 1496 903 1554 qui
934 1499 1058 1540 actor
1095 1496 1324 1551 imitanda,
1363 1510 1487 1556 qaam
1531 1501 1679 1542 orator
1718 1497 1986 1555 suscipienda
2016 1499 2198 1543 veritate

169 1560 436 1616 jucundior?
475 1559 612 1602 Recte
667 1560 775 1602 enim
816 1561 859 1600 in
896 1558 1136 1601 Ellendtius
1178 1560 1343 1613 omisit,
1398 1562 1555 1617 quippe
1601 1559 1715 1616 quod
1746 1561 1790 1601 in
1821 1560 2039 1602 nonnullis
2073 1560 2195 1603 codd.

180 1635 269 1667 non
302 1622 557 1666 invenisset.
589 1619 704 1665 Idem
734 1619 845 1664 Brut.
878 1618 959 1676 67,
994 1618 1097 1664 238.
1130 1623 1177 1664 at
1215 1622 1476 1666 inveniendis
1514 1620 1887 1679 componendisque
1924 1620 2049 1666 rebus
2086 1624 2195 1667 mira

178 1687 404 1728 accuratio
437 1686 623 1742 scripsit,
656 1683 876 1726 multorum
906 1681 989 1725 fide
1020 1682 1227 1726 librorum
1261 1683 1422 1727 ductus.
1478 1684 1640 1737 Quibus
1675 1683 1844 1742 quidem
1878 1684 2106 1742 exemplis,
2137 1698 2196 1728 ex

182 1760 334 1790 eorum
375 1760 556 1789 numero
593 1745 806 1800 delibatis,
848 1758 957 1803 quae
990 1744 1230 1790 Ellendtius
1265 1745 1317 1789 ad
1352 1745 1439 1790 Cic.
1474 1746 1527 1790 de
1561 1745 1675 1790 Orat.
1705 1745 1747 1801 Ι,
1780 1744 1824 1801 3,
1857 1744 1926 1789 12.
1957 1749 2194 1803 congessit,

180 1811 277 1868 ipse
309 1808 393 1853 duo
431 1808 636 1865 adjiciam.
699 1807 773 1852 Est
805 1809 916 1851 enim
949 1808 992 1851 in
1025 1805 1141 1852 Orat.
1174 1822 1212 1866 p.
1249 1807 1387 1861 Quint.
1421 1807 1454 1866 1,
1482 1809 1520 1853 1.
1553 1809 1813 1867 Eloquentia
1841 1807 1888 1863 Q.
1913 1808 2114 1853 Hortensi
2143 1823 2197 1854 ne

178 1886 244 1914 me
274 1872 451 1915 dicendo
482 1872 690 1927 impediat,
722 1870 909 1914 nonnihil
939 1884 1208 1914 commoveor.
1244 1871 1324 1914 Ubi
1358 1873 1747 1930 praepositionem,
1782 1884 1905 1928 quam
1939 1870 2195 1915 Garatonius

179 1932 232 1979 ab
269 1932 384 1979 editt.
428 1933 568 1978 multis
602 1931 752 1978 abesse
786 1934 863 1989 ait,
904 1946 1046 1991 neque
1087 1931 1197 1978 Edit.
1244 1932 1397 1979 Venet.
1439 1948 1534 1980 ann.
1577 1933 1700 1980 1480
1738 1932 1865 1978 habet
1904 1947 2046 1992 neque
2084 1933 2195 1980 liber

177 1997 422 2040 Beruensis
440 2010 596 2053 ¹neque
630 2010 738 2040 vero
771 2010 930 2039 novem
951 1995 1084 2039 Codd.
1102 1996 1252 2051 Paris,
1287 2011 1394 2054 quos
1431 2011 1526 2040 cum
1546 1997 1712 2056 pridem
1740 1996 1822 2039 hoc
1856 1998 2028 2040 nomine
2046 1996 2196 2041 Lalle—

177 2058 357 2104 mandus
390 2058 712 2116 appellavisset,
744 2057 943 2103 Keller-us
977 2057 1184 2102 Semestr.
1215 2058 1267 2103 ad
1298 2059 1351 2103 M.
1387 2059 1570 2104 Tullium
1604 2058 1804 2104 Ciceron.
1839 2058 1934 2103 Vol.
1951 2057 1981 2102 I.
2007 2073 2076 2117 pg.
2103 2059 2194 2104 208

178 2135 321 2179 nuper
356 2122 562 2164 excussit.
615 2119 806 2164 Alterum
838 2126 977 2164 autem
1013 2119 1168 2164 dictum
1202 2122 1245 2164 in
1279 2121 1343 2166 his
1376 2121 1497 2166 libris
1532 2120 1694 2178 111,15
1721 2121 1810 2165 Sed
1837 2133 1985 2164 errore
2015 2123 2195 2218 quodam

174 2184 369 2241 fallimur
398 2185 462 2226 ita
496 2183 742 2240 disputando
782 2189 932 2227 exstat.

373 2258 510 2301 neque
540 2247 670 2287 tantis
703 2247 832 2288 solum
862 2248 907 2287 in
937 2246 1072 2289 rebus.
1100 2245 1204 2289 Cod.
1228 2259 1362 2304 neque
1390 2249 1454 2289 tai
1476 2247 1610 2290 solam
1635 2248 1682 2289 in
1712 2248 1846 2290 tantis
1876 2246 2017 2300 rebus,
2053 2258 2193 2303 quan-

177 2323 303 2368 quam
338 2313 570 2351 corrector
605 2309 666 2350 tai
699 2306 868 2351 delevit.
935 2307 1029 2352 Hoc
1070 2315 1209 2353 autem
1252 2315 1402 2367 aperte
1453 2308 1752 2368 compendium
1785 2310 2028 2367 scripturae
2065 2315 2192 2352 vetus

177 2378 254 2415 est.
322 2370 456 2425 Cujus
498 2371 888 2426 interpretationem
927 2378 1206 2428 posteaquam
1248 2372 1449 2414 librarius
1490 2372 1564 2415 vel
1608 2373 1907 2428 grammaticus
1934 2376 2070 2413 recte
2112 2370 2195 2413 ad-

171 2434 331 2490 Junxit,
366 2431 477 2476 alius
512 2432 556 2474 in
587 2436 830 2476 contextum
861 2434 1008 2492 inepto
1042 2432 1143 2477 loco
1175 2434 1358 2492 recepit,
1392 2434 1438 2477 vi
1459 2433 1697 2478 sententiae
1720 2446 1807 2478 non
1835 2437 2027 2492 spectata
2052 2444 2193 2491 neque

175 2510 287 2540 vero
322 2501 446 2539 recte
477 2493 706 2537 intellecta.
773 2494 914 2552 Atque
956 2498 1051 2553 ipse
1098 2502 1327 2539 corrector
1369 2503 1412 2539 et
1449 2499 1665 2552 originem
1704 2496 1847 2540 mendi
1890 2497 2112 2551 ignoravit
2151 2502 2194 2537 et

174 2558 318 2602 locum
351 2569 441 2601 non
472 2555 620 2610 novit,
662 2556 706 2599 in
744 2569 867 2614 quem
905 2557 1121 2614 integrum
1163 2556 1346 2602 verbum
1377 2557 1618 2603 transferre
1651 2557 1843 2603 deberet.
1909 2554 2194 2601 Scribendum

174 2626 240 2664 est
272 2621 405 2678 igitur
440 2618 500 2674 id,
537 2617 653 2676 quod
682 2617 876 2663 Moserus
919 2621 1001 2665 etsi
1043 2621 1296 2676 conjectura
1336 2621 1519 2675 invenit,
1551 2619 1737 2665 reficere
1758 2626 1911 2665 >tamen
1943 2632 2072 2664 ausus
2104 2631 2192 2662 non

175 2689 242 2727 est
288 2696 425 2740 neque
456 2682 593 2725 tantis
624 2681 755 2724 solum
784 2683 829 2724 in
860 2682 994 2725 rebus.
1044 2682 1251 2727 Similiter
1280 2688 1420 2726 antem
1455 2682 1535 2726 hae
1568 2683 1754 2726 voculae
1787 2682 1883 2726 aliis
1914 2681 2065 2726 verbis
2098 2680 2193 2725 dis—

169 2746 409 2802 junguntur
442 2742 497 2788 de
530 2740 624 2786 Nat.
655 2741 776 2786 Deor
791 2742 824 2798 I,
856 2742 931 2800 21,
956 2744 1037 2789 58:
1059 2745 1211 2801 Judico
1246 2743 1489 2801 tamen,.'de
1519 2759 1569 2789 re
1596 2744 1779 2789 obscura
1810 2749 1939 2803 atque
1968 2742 2131 2800 difficili
2162 2756 2193 2785 a

172 2811 215 2852 te
245 2809 402 2852 dictum
433 2820 529 2851 esse
558 2805 738 2849 dilucide
770 2819 901 2865 neque
925 2809 1146 2852 sententiis
1167 2808 1301 2852 solam
1331 2810 1516 2867 copiose,
1548 2809 1625 2852 sed
1651 2807 1790 2853 verbis
1818 2810 1946 2852 etiam
1978 2808 2186 2860 ornatius,

172 2885 299 2926 quam
330 2871 480 2915 solent.
526 2868 744 2912 Tusculan
774 2868 855 2922 ΙΙΙ,
898 2869 971 2923 11,
1011 2870 1091 2914 24:
1157 2871 1243 2913 Est
1285 2874 1416 2927 iqitar
1459 2886 1594 2914 causa
1630 2873 1763 2914 omnis
1802 2874 1846 2913 in
1887 2871 2083 2926 opinione
2114 2882 2191 2911 nec

175 2947 273 2977 cero
307 2932 591 2990 aem-itudinis
623 2930 777 2985 solum,
815 2931 890 2975 sed
919 2934 1047 2976 etiam
1080 2933 1338 2990 reliquarum
1357 2936 1554 2977 omnium
1581 2932 1954 2991 perturbationum.
2175 2964 2177 2966 .

364 2995 475 3039 Hinc
519 2995 631 3038 enim
669 2993 745 3036 illa
786 2998 826 3037 et
869 2996 983 3051 apud
1033 2996 1221 3040 Graecos
1269 2996 1471 3054 exempla.
1552 2994 1915 3039 Consecutionem
1955 2992 2190 3038 verborum

173 3059 370 3104 Moserus
409 3064 530 3101 recte
566 3062 718 3100 contra
753 3056 851 3098 illos
887 3055 1098 3110 defendit,
1144 3059 1213 3113 qui
1248 3058 1445 3100 voculam
1487 3062 1527 3100 et
1564 3058 1856 3100 exterminare
1888 3061 1958 3099 aut
1991 3055 2116 3098 alium
2146 3056 2190 3097 in
