<?xml version="1.0" encoding="UTF-8"?>
<!DOCTYPE html PUBLIC "-//W3C//DTD XHTML 1.0 Transitional//EN"
    "http://www.w3.org/TR/xhtml1/DTD/xhtml1-transitional.dtd">
<html xmlns="http://www.w3.org/1999/xhtml" xml:lang="en" lang="en">
 <head>
  <title>
</title>
<meta http-equiv="Content-Type" content="text/html;charset=utf-8" />
  <meta name='ocr-system' content='tesseract 3.04.00' />
  <meta name='ocr-capabilities' content='ocr_page ocr_carea ocr_par ocr_line ocrx_word'/>
</head>
<body>
  <div class='ocr_page' id='page_1' title='image "./4773721_0012.png"; bbox 0 0 2411 3275; ppageno 0'>
   <div class='ocr_carea' id='block_1_1' title="bbox 161 130 190 174">
    <p class='ocr_par' dir='ltr' id='par_1_1' title="bbox 161 130 190 174">
     <span class='ocr_line' id='line_1_1' title="bbox 161 130 190 174; baseline 0 0"><span class='ocrx_word' id='word_1_1' title='bbox 161 130 190 174; x_wconf 86' lang='grc'>6</span> 
     </span>
    </p>
   </div>
   <div class='ocr_carea' id='block_1_2' title="bbox 160 229 2184 2911">
    <p class='ocr_par' dir='ltr' id='par_1_2' title="bbox 160 229 2178 2099">
     <span class='ocr_line' id='line_1_2' title="bbox 164 229 2172 295; baseline 0 -18"><span class='ocrx_word' id='word_1_2' title='bbox 164 231 394 293; x_wconf 77' lang='lat' dir='ltr'><strong>Phrynich.</strong></span> <span class='ocrx_word' id='word_1_3' title='bbox 433 232 584 290; x_wconf 86' lang='lat' dir='ltr'><strong>Eclog.</strong></span> <span class='ocrx_word' id='word_1_4' title='bbox 632 245 699 291; x_wconf 87' lang='lat' dir='ltr'><strong>pg.</strong></span> <span class='ocrx_word' id='word_1_5' title='bbox 735 229 833 274; x_wconf 88' lang='lat'><strong>156.</strong></span> <span class='ocrx_word' id='word_1_6' title='bbox 880 243 915 272; x_wconf 90' lang='lat' dir='ltr'><strong>c.</strong></span> <span class='ocrx_word' id='word_1_7' title='bbox 951 236 1035 274; x_wconf 91' lang='lat' dir='ltr'><strong>not.</strong></span> <span class='ocrx_word' id='word_1_8' title='bbox 1069 229 1283 285; x_wconf 83' lang='lat' dir='ltr'><strong>Lobeck.;</strong></span> <span class='ocrx_word' id='word_1_9' title='bbox 1319 231 1467 278; x_wconf 89' lang='lat' dir='ltr'><strong>Thom.</strong></span> <span class='ocrx_word' id='word_1_10' title='bbox 1508 233 1618 293; x_wconf 87' lang='lat' dir='ltr'><strong>Mag.</strong></span> <span class='ocrx_word' id='word_1_11' title='bbox 1658 247 1727 295; x_wconf 78' lang='lat' dir='ltr'><strong>pg.</strong></span> <span class='ocrx_word' id='word_1_12' title='bbox 1774 232 1884 289; x_wconf 72' lang='lat'><strong>1713</strong></span> <span class='ocrx_word' id='word_1_13' title='bbox 1923 232 2071 278; x_wconf 83' lang='lat' dir='ltr'><strong>Buttm.</strong></span> <span class='ocrx_word' id='word_1_14' title='bbox 2102 231 2172 278; x_wconf 90' lang='lat' dir='ltr'><strong>Gr.</strong></span> 
     </span>
     <span class='ocr_line' id='line_1_3' title="bbox 163 292 2173 355; baseline 0 -16"><span class='ocrx_word' id='word_1_15' title='bbox 163 296 236 339; x_wconf 90' lang='lat' dir='ltr'><strong>Gr.</strong></span> <span class='ocrx_word' id='word_1_16' title='bbox 266 295 313 339; x_wconf 91' lang='lat' dir='ltr'><strong>T.</strong></span> <span class='ocrx_word' id='word_1_17' title='bbox 335 295 365 338; x_wconf 91' lang='lat'><strong>1.</strong></span> <span class='ocrx_word' id='word_1_18' title='bbox 400 310 469 354; x_wconf 89' lang='lat' dir='ltr'><strong>pg.</strong></span> <span class='ocrx_word' id='word_1_19' title='bbox 501 295 601 339; x_wconf 92' lang='grc'>205.</span> <span class='ocrx_word' id='word_1_20' title='bbox 635 294 833 336; x_wconf 82' lang='lat' dir='ltr'><strong>Attamen</strong></span> <span class='ocrx_word' id='word_1_21' title='bbox 854 292 1048 337; x_wconf 77' lang='lat' dir='ltr'><strong><em>Periclen</em></strong></span> <span class='ocrx_word' id='word_1_22' title='bbox 1068 292 1227 339; x_wconf 88' lang='lat' dir='ltr'><strong>Cicero</strong></span> <span class='ocrx_word' id='word_1_23' title='bbox 1263 294 1377 339; x_wconf 84' lang='lat' dir='ltr'><strong>Brut.</strong></span> <span class='ocrx_word' id='word_1_24' title='bbox 1412 297 1455 352; x_wconf 84' lang='grc'>7,</span> <span class='ocrx_word' id='word_1_25' title='bbox 1495 297 1570 352; x_wconf 85' lang='grc'>27,</span> <span class='ocrx_word' id='word_1_26' title='bbox 1602 296 1675 341; x_wconf 89' lang='lat' dir='ltr'><strong>ubi</strong></span> <span class='ocrx_word' id='word_1_27' title='bbox 1705 297 1747 341; x_wconf 91' lang='lat' dir='ltr'><strong>id</strong></span> <span class='ocrx_word' id='word_1_28' title='bbox 1779 299 1822 340; x_wconf 93' lang='lat' dir='ltr'><strong>in</strong></span> <span class='ocrx_word' id='word_1_29' title='bbox 1853 297 2021 355; x_wconf 86' lang='lat' dir='ltr'><strong>optimis</strong></span> <span class='ocrx_word' id='word_1_30' title='bbox 2053 296 2173 340; x_wconf 90' lang='lat' dir='ltr'><strong>libris</strong></span> 
     </span>
     <span class='ocr_line' id='line_1_4' title="bbox 165 353 2174 416; baseline 0 -14"><span class='ocrx_word' id='word_1_31' title='bbox 165 357 337 416; x_wconf 87' lang='lat' dir='ltr'><strong>Lagom.</strong></span> <span class='ocrx_word' id='word_1_32' title='bbox 369 358 412 412; x_wconf 90' lang='lat'><strong>5,</strong></span> <span class='ocrx_word' id='word_1_33' title='bbox 446 356 518 411; x_wconf 88' lang='lat'><strong>51,</strong></span> <span class='ocrx_word' id='word_1_34' title='bbox 553 354 628 410; x_wconf 89' lang='grc'><strong>53,</strong></span> <span class='ocrx_word' id='word_1_35' title='bbox 663 353 721 397; x_wconf 88' lang='grc'><strong>56</strong></span> <span class='ocrx_word' id='word_1_36' title='bbox 754 360 976 398; x_wconf 89' lang='lat' dir='ltr'><strong>servatum</strong></span> <span class='ocrx_word' id='word_1_37' title='bbox 1013 362 1103 412; x_wconf 87' lang='lat' dir='ltr'><strong>est,</strong></span> <span class='ocrx_word' id='word_1_38' title='bbox 1148 355 1201 401; x_wconf 89' lang='lat' dir='ltr'><strong>de</strong></span> <span class='ocrx_word' id='word_1_39' title='bbox 1238 355 1343 402; x_wconf 90' lang='lat' dir='ltr'><strong>Orat</strong></span> <span class='ocrx_word' id='word_1_40' title='bbox 1370 357 1447 415; x_wconf 89' lang='lat'><strong>111,</strong></span> <span class='ocrx_word' id='word_1_41' title='bbox 1497 358 1570 414; x_wconf 89' lang='grc'><strong>19,</strong></span> <span class='ocrx_word' id='word_1_42' title='bbox 1604 359 1687 416; x_wconf 82' lang='grc'>71,</span> <span class='ocrx_word' id='word_1_43' title='bbox 1734 360 1770 405; x_wconf 90' lang='lat' dir='ltr'><strong>si</strong></span> <span class='ocrx_word' id='word_1_44' title='bbox 1814 357 1964 404; x_wconf 89' lang='lat' dir='ltr'><strong>Codici</strong></span> <span class='ocrx_word' id='word_1_45' title='bbox 2001 356 2174 416; x_wconf 85' lang='lat' dir='ltr'><strong>Lagom.</strong></span> 
     </span>
     <span class='ocr_line' id='line_1_5' title="bbox 164 415 2174 480; baseline 0 -15"><span class='ocrx_word' id='word_1_46' title='bbox 164 421 217 465; x_wconf 87' lang='grc'><strong>81</strong></span> <span class='ocrx_word' id='word_1_47' title='bbox 258 418 363 463; x_wconf 85' lang='lat' dir='ltr'><strong>fides</strong></span> <span class='ocrx_word' id='word_1_48' title='bbox 400 419 545 463; x_wconf 89' lang='lat' dir='ltr'><strong>haberi</strong></span> <span class='ocrx_word' id='word_1_49' title='bbox 579 422 732 474; x_wconf 75' lang='lat' dir='ltr'><strong>potest,</strong></span> <span class='ocrx_word' id='word_1_50' title='bbox 767 415 820 460; x_wconf 92' lang='lat' dir='ltr'><strong>de</strong></span> <span class='ocrx_word' id='word_1_51' title='bbox 854 415 974 461; x_wconf 84' lang='lat' dir='ltr'><strong>Offic.</strong></span> <span class='ocrx_word' id='word_1_52' title='bbox 1005 417 1039 474; x_wconf 91' lang='grc' dir='ltr'><strong>Ι,</strong></span> <span class='ocrx_word' id='word_1_53' title='bbox 1065 418 1141 474; x_wconf 89' lang='grc'><strong>30,</strong></span> <span class='ocrx_word' id='word_1_54' title='bbox 1168 419 1275 475; x_wconf 91' lang='grc'>108,</span> <span class='ocrx_word' id='word_1_55' title='bbox 1305 420 1529 466; x_wconf 92' lang='lat' dir='ltr'><strong>dummodo</strong></span> <span class='ocrx_word' id='word_1_56' title='bbox 1560 420 1663 466; x_wconf 88' lang='lat' dir='ltr'><strong>Cod.</strong></span> <span class='ocrx_word' id='word_1_57' title='bbox 1687 422 1812 466; x_wconf 91' lang='lat' dir='ltr'><strong>Bern.</strong></span> <span class='ocrx_word' id='word_1_58' title='bbox 1847 421 2022 480; x_wconf 86' lang='lat' dir='ltr'><strong>reliquis</strong></span> <span class='ocrx_word' id='word_1_59' title='bbox 2053 419 2174 466; x_wconf 89' lang='lat' dir='ltr'><strong>libris</strong></span> 
     </span>
     <span class='ocr_line' id='line_1_6' title="bbox 165 477 2174 542; baseline -0 -15"><span class='ocrx_word' id='word_1_60' title='bbox 165 482 463 542; x_wconf 76' lang='lat' dir='ltr'><strong>praeferatur,</strong></span> <span class='ocrx_word' id='word_1_61' title='bbox 503 478 599 523; x_wconf 91' lang='lat' dir='ltr'>ibid.</span> <span class='ocrx_word' id='word_1_62' title='bbox 636 477 689 535; x_wconf 87' lang='grc' dir='ltr'><strong>ΙΙ,</strong></span> <span class='ocrx_word' id='word_1_63' title='bbox 730 478 804 534; x_wconf 82' lang='grc'>17,</span> <span class='ocrx_word' id='word_1_64' title='bbox 838 479 898 524; x_wconf 89' lang='grc'><strong>60</strong></span> <span class='ocrx_word' id='word_1_65' title='bbox 929 480 1050 535; x_wconf 84' lang='lat' dir='ltr'><strong>dixit,</strong></span> <span class='ocrx_word' id='word_1_66' title='bbox 1086 481 1157 526; x_wconf 92' lang='lat' dir='ltr'><strong>ubi</strong></span> <span class='ocrx_word' id='word_1_67' title='bbox 1189 481 1296 527; x_wconf 90' lang='lat' dir='ltr'><strong>haec</strong></span> <span class='ocrx_word' id='word_1_68' title='bbox 1330 482 1468 528; x_wconf 89' lang='lat' dir='ltr'><strong>forma</strong></span> <span class='ocrx_word' id='word_1_69' title='bbox 1502 486 1545 529; x_wconf 92' lang='lat' dir='ltr'><strong>in</strong></span> <span class='ocrx_word' id='word_1_70' title='bbox 1583 483 1715 529; x_wconf 88' lang='lat' dir='ltr'><strong>Codd.</strong></span> <span class='ocrx_word' id='word_1_71' title='bbox 1747 483 1840 528; x_wconf 91' lang='lat' dir='ltr'><strong>Vin.</strong></span> <span class='ocrx_word' id='word_1_72' title='bbox 1872 490 1915 528; x_wconf 88' lang='lat' dir='ltr'><strong>et</strong></span> <span class='ocrx_word' id='word_1_73' title='bbox 1948 482 2068 527; x_wconf 90' lang='lat' dir='ltr'><strong>Goth.</strong></span> <span class='ocrx_word' id='word_1_74' title='bbox 2101 482 2174 526; x_wconf 92' lang='lat' dir='ltr'><strong>le-</strong></span> 
     </span>
     <span class='ocr_line' id='line_1_7' title="bbox 165 540 2174 602; baseline -0 -14"><span class='ocrx_word' id='word_1_75' title='bbox 165 548 291 602; x_wconf 86' lang='lat' dir='ltr'><strong>gitur.</strong></span> <span class='ocrx_word' id='word_1_76' title='bbox 355 543 408 585; x_wconf 91' lang='lat' dir='ltr'><strong>Et</strong></span> <span class='ocrx_word' id='word_1_77' title='bbox 445 545 536 599; x_wconf 90' lang='lat' dir='ltr'><strong>ipse</strong></span> <span class='ocrx_word' id='word_1_78' title='bbox 581 540 765 584; x_wconf 90' lang='lat' dir='ltr'><strong>Beierus</strong></span> <span class='ocrx_word' id='word_1_79' title='bbox 808 542 905 584; x_wconf 86' lang='lat' dir='ltr'><strong>ibid.</strong></span> <span class='ocrx_word' id='word_1_80' title='bbox 947 542 979 596; x_wconf 93' lang='lat' dir='ltr'><strong>I,</strong></span> <span class='ocrx_word' id='word_1_81' title='bbox 1019 543 1095 596; x_wconf 91' lang='grc'><strong>40,</strong></span> <span class='ocrx_word' id='word_1_82' title='bbox 1139 543 1228 587; x_wconf 87' lang='grc'><strong>144</strong></span> <span class='ocrx_word' id='word_1_83' title='bbox 1270 545 1506 601; x_wconf 81' lang='lat' dir='ltr'><strong>Sophoclen</strong></span> <span class='ocrx_word' id='word_1_84' title='bbox 1552 553 1594 589; x_wconf 90' lang='lat' dir='ltr'><strong>et</strong></span> <span class='ocrx_word' id='word_1_85' title='bbox 1633 546 1716 597; x_wconf 86' lang='grc'>30,</span> <span class='ocrx_word' id='word_1_86' title='bbox 1752 545 1841 589; x_wconf 92' lang='grc'><strong>108</strong></span> <span class='ocrx_word' id='word_1_87' title='bbox 1877 545 2174 588; x_wconf 70' lang='lat' dir='ltr'><em>Themistoclen</em></span> 
     </span>
     <span class='ocr_line' id='line_1_8' title="bbox 167 600 2174 666; baseline -0.001 -13"><span class='ocrx_word' id='word_1_88' title='bbox 167 608 350 666; x_wconf 80' lang='lat' dir='ltr'><strong>scripsit.</strong></span> <span class='ocrx_word' id='word_1_89' title='bbox 400 603 446 648; x_wconf 92' lang='lat' dir='ltr'><strong>In</strong></span> <span class='ocrx_word' id='word_1_90' title='bbox 482 600 747 647; x_wconf 87' lang='lat' dir='ltr'><strong>orationibus</strong></span> <span class='ocrx_word' id='word_1_91' title='bbox 782 602 965 663; x_wconf 86' lang='lat' dir='ltr'><strong>denique</strong></span> <span class='ocrx_word' id='word_1_92' title='bbox 988 603 1158 662; x_wconf 75' lang='lat' dir='ltr'><strong>Verrin.</strong></span> <span class='ocrx_word' id='word_1_93' title='bbox 1192 604 1262 662; x_wconf 89' lang='grc' dir='ltr'>ΙΙΙ,</span> <span class='ocrx_word' id='word_1_94' title='bbox 1294 606 1354 652; x_wconf 89' lang='grc'><strong>86</strong></span> <span class='ocrx_word' id='word_1_95' title='bbox 1391 606 1490 653; x_wconf 90' lang='grc'>125.</span> <span class='ocrx_word' id='word_1_96' title='bbox 1524 607 1606 653; x_wconf 92' lang='lat' dir='ltr'><strong>duo</strong></span> <span class='ocrx_word' id='word_1_97' title='bbox 1629 605 1760 654; x_wconf 90' lang='lat' dir='ltr'><strong>Codd.</strong></span> <span class='ocrx_word' id='word_1_98' title='bbox 1794 606 1949 652; x_wconf 86' lang='lat' dir='ltr'><strong>habent</strong></span> <span class='ocrx_word' id='word_1_99' title='bbox 1980 607 2174 661; x_wconf 78' lang='lat' dir='ltr'><em>Dioclen,</em></span> 
     </span>
     <span class='ocr_line' id='line_1_9' title="bbox 166 663 2173 729; baseline -0 -15"><span class='ocrx_word' id='word_1_100' title='bbox 166 684 271 714; x_wconf 92' lang='lat' dir='ltr'><strong>unus</strong></span> <span class='ocrx_word' id='word_1_101' title='bbox 308 668 476 725; x_wconf 87' lang='lat' dir='ltr'><strong>Lagom.</strong></span> <span class='ocrx_word' id='word_1_102' title='bbox 510 663 585 721; x_wconf 86' lang='grc'>29,</span> <span class='ocrx_word' id='word_1_103' title='bbox 620 665 729 709; x_wconf 90' lang='lat' dir='ltr'><strong>alter</strong></span> <span class='ocrx_word' id='word_1_104' title='bbox 759 666 893 710; x_wconf 88' lang='lat' dir='ltr'><strong>Paris.</strong></span> <span class='ocrx_word' id='word_1_105' title='bbox 943 666 1072 725; x_wconf 82' lang='lat' dir='ltr'><strong>Apud</strong></span> <span class='ocrx_word' id='word_1_106' title='bbox 1104 667 1354 717; x_wconf 86' lang='lat' dir='ltr'><strong>Cornelium</strong></span> <span class='ocrx_word' id='word_1_107' title='bbox 1382 668 1594 729; x_wconf 83' lang='lat' dir='ltr'><em>Nepotem</em></span> <span class='ocrx_word' id='word_1_108' title='bbox 1626 672 1670 714; x_wconf 91' lang='lat' dir='ltr'><strong>in</strong></span> <span class='ocrx_word' id='word_1_109' title='bbox 1700 670 1811 715; x_wconf 91' lang='lat' dir='ltr'><strong>libro</strong></span> <span class='ocrx_word' id='word_1_110' title='bbox 1847 669 2055 724; x_wconf 89' lang='lat' dir='ltr'><strong>Gudiano,</strong></span> <span class='ocrx_word' id='word_1_111' title='bbox 2090 683 2173 727; x_wconf 89' lang='lat' dir='ltr'><strong>quo</strong></span> 
     </span>
     <span class='ocr_line' id='line_1_10' title="bbox 166 729 2173 790; baseline -0 -16"><span class='ocrx_word' id='word_1_112' title='bbox 166 732 303 775; x_wconf 90' lang='lat' dir='ltr'><strong>nullus</strong></span> <span class='ocrx_word' id='word_1_113' title='bbox 335 736 398 773; x_wconf 88' lang='lat' dir='ltr'><strong>est</strong></span> <span class='ocrx_word' id='word_1_114' title='bbox 428 729 731 786; x_wconf 74' lang='lat' dir='ltr'><strong>praestantior,</strong></span> <span class='ocrx_word' id='word_1_115' title='bbox 766 729 1026 786; x_wconf 76' lang='lat' dir='ltr'><strong>Ipsicrathen</strong></span> <span class='ocrx_word' id='word_1_116' title='bbox 1057 743 1138 787; x_wconf 89' lang='lat' dir='ltr'><strong>pro</strong></span> <span class='ocrx_word' id='word_1_117' title='bbox 1155 729 1410 787; x_wconf 58' lang='lat' dir='ltr'><strong>Iphicraten,</strong></span> <span class='ocrx_word' id='word_1_118' title='bbox 1440 732 1592 790; x_wconf 89' lang='lat' dir='ltr'><strong>Iphicr.</strong></span> <span class='ocrx_word' id='word_1_119' title='bbox 1625 732 1678 786; x_wconf 93' lang='grc' dir='ltr'><strong>ΙΙ,</strong></span> <span class='ocrx_word' id='word_1_120' title='bbox 1711 733 1784 787; x_wconf 89' lang='grc'><strong>15,</strong></span> <span class='ocrx_word' id='word_1_121' title='bbox 1818 734 2016 789; x_wconf 81' lang='lat' dir='ltr'><strong>legimus,</strong></span> <span class='ocrx_word' id='word_1_122' title='bbox 2047 731 2173 789; x_wconf 88' lang='lat' dir='ltr'><strong>idque</strong></span> 
     </span>
     <span class='ocr_line' id='line_1_11' title="bbox 167 789 2176 850; baseline -0 -12"><span class='ocrx_word' id='word_1_123' title='bbox 167 795 291 839; x_wconf 91' lang='lat' dir='ltr'><strong>etiam</strong></span> <span class='ocrx_word' id='word_1_124' title='bbox 325 790 426 836; x_wconf 87' lang='lat' dir='ltr'><strong>Cod.</strong></span> <span class='ocrx_word' id='word_1_125' title='bbox 461 789 591 848; x_wconf 83' lang='lat' dir='ltr'><strong>sang.</strong></span> <span class='ocrx_word' id='word_1_126' title='bbox 623 789 782 835; x_wconf 88' lang='lat' dir='ltr'><strong>ibidem</strong></span> <span class='ocrx_word' id='word_1_127' title='bbox 816 793 1022 836; x_wconf 89' lang='lat' dir='ltr'><strong>servavit.</strong></span> <span class='ocrx_word' id='word_1_128' title='bbox 1094 790 1211 837; x_wconf 91' lang='lat' dir='ltr'><strong>Idem</strong></span> <span class='ocrx_word' id='word_1_129' title='bbox 1254 791 1365 837; x_wconf 89' lang='lat' dir='ltr'><strong>liber</strong></span> <span class='ocrx_word' id='word_1_130' title='bbox 1397 793 1542 838; x_wconf 90' lang='lat' dir='ltr'><strong>Them.</strong></span> <span class='ocrx_word' id='word_1_131' title='bbox 1573 794 1618 849; x_wconf 91' lang='grc'><strong>8,</strong></span> <span class='ocrx_word' id='word_1_132' title='bbox 1650 796 1705 849; x_wconf 74' lang='lat'><strong>73</strong></span> <span class='ocrx_word' id='word_1_133' title='bbox 1736 794 1780 850; x_wconf 72' lang='lat'><strong>9,</strong></span> <span class='ocrx_word' id='word_1_134' title='bbox 1813 794 1833 838; x_wconf 95' lang='lat'>1</span> <span class='ocrx_word' id='word_1_135' title='bbox 1878 794 2176 839; x_wconf 74' lang='lat' dir='ltr'><strong>Themistoclen</strong></span> 
     </span>
     <span class='ocr_line' id='line_1_12' title="bbox 164 852 2173 915; baseline 0 -15"><span class='ocrx_word' id='word_1_136' title='bbox 164 863 313 900; x_wconf 93' lang='lat' dir='ltr'><strong>tuetur.</strong></span> <span class='ocrx_word' id='word_1_137' title='bbox 379 852 534 896; x_wconf 90' lang='lat' dir='ltr'><strong>Omitto</strong></span> <span class='ocrx_word' id='word_1_138' title='bbox 575 853 757 912; x_wconf 92' lang='lat' dir='ltr'><strong>plurima</strong></span> <span class='ocrx_word' id='word_1_139' title='bbox 799 854 1078 897; x_wconf 90' lang='lat' dir='ltr'><strong>barbarorum</strong></span> <span class='ocrx_word' id='word_1_140' title='bbox 1117 857 1313 910; x_wconf 88' lang='lat' dir='ltr'><strong>nomina,</strong></span> <span class='ocrx_word' id='word_1_141' title='bbox 1358 856 1410 899; x_wconf 92' lang='lat' dir='ltr'><strong>ab</strong></span> <span class='ocrx_word' id='word_1_142' title='bbox 1454 857 1538 900; x_wconf 90' lang='lat' dir='ltr'><strong>illis</strong></span> <span class='ocrx_word' id='word_1_143' title='bbox 1582 856 1847 900; x_wconf 90' lang='lat' dir='ltr'><strong>Graecorum</strong></span> <span class='ocrx_word' id='word_1_144' title='bbox 1893 856 2173 915; x_wconf 84' lang='lat' dir='ltr'><strong>scriptoribus</strong></span> 
     </span>
     <span class='ocr_line' id='line_1_13' title="bbox 164 916 2173 978; baseline 0 -15"><span class='ocrx_word' id='word_1_145' title='bbox 164 924 351 976; x_wconf 87' lang='lat' dir='ltr'><strong>sumpta,</strong></span> <span class='ocrx_word' id='word_1_146' title='bbox 394 929 501 974; x_wconf 88' lang='lat' dir='ltr'><strong>quos</strong></span> <span class='ocrx_word' id='word_1_147' title='bbox 539 918 741 961; x_wconf 83' lang='lat' dir='ltr'><strong>auctores</strong></span> <span class='ocrx_word' id='word_1_148' title='bbox 786 924 881 961; x_wconf 91' lang='lat' dir='ltr'><strong>ante</strong></span> <span class='ocrx_word' id='word_1_149' title='bbox 924 916 1075 961; x_wconf 90' lang='lat' dir='ltr'><strong>oculos</strong></span> <span class='ocrx_word' id='word_1_150' title='bbox 1114 916 1280 972; x_wconf 88' lang='lat' dir='ltr'><strong>babuit;</strong></span> <span class='ocrx_word' id='word_1_151' title='bbox 1323 933 1431 976; x_wconf 89' lang='lat' dir='ltr'><strong>quae</strong></span> <span class='ocrx_word' id='word_1_152' title='bbox 1464 932 1547 977; x_wconf 92' lang='lat' dir='ltr'><strong>quo</strong></span> <span class='ocrx_word' id='word_1_153' title='bbox 1581 920 1717 963; x_wconf 93' lang='lat' dir='ltr'><strong>minus</strong></span> <span class='ocrx_word' id='word_1_154' title='bbox 1751 920 1903 963; x_wconf 89' lang='lat' dir='ltr'><strong>usitata</strong></span> <span class='ocrx_word' id='word_1_155' title='bbox 1936 919 2045 978; x_wconf 90' lang='lat' dir='ltr'><strong>apud</strong></span> <span class='ocrx_word' id='word_1_156' title='bbox 2075 918 2173 964; x_wconf 89' lang='lat' dir='ltr'><strong>Ro-</strong></span> 
     </span>
     <span class='ocr_line' id='line_1_14' title="bbox 163 980 2172 1038; baseline 0 -14"><span class='ocrx_word' id='word_1_157' title='bbox 163 993 308 1024; x_wconf 90' lang='lat' dir='ltr'><strong>manos</strong></span> <span class='ocrx_word' id='word_1_158' title='bbox 340 984 485 1034; x_wconf 89' lang='lat' dir='ltr'><strong>erant,</strong></span> <span class='ocrx_word' id='word_1_159' title='bbox 534 992 589 1021; x_wconf 91' lang='lat' dir='ltr'><strong>eo</strong></span> <span class='ocrx_word' id='word_1_160' title='bbox 633 981 805 1038; x_wconf 89' lang='lat' dir='ltr'><strong>saepius</strong></span> <span class='ocrx_word' id='word_1_161' title='bbox 832 981 1040 1022; x_wconf 87' lang='lat' dir='ltr'><strong>immutata</strong></span> <span class='ocrx_word' id='word_1_162' title='bbox 1075 980 1285 1023; x_wconf 84' lang='lat' dir='ltr'><strong>transtulit</strong></span> <span class='ocrx_word' id='word_1_163' title='bbox 1315 982 1356 1023; x_wconf 89' lang='lat' dir='ltr'><strong>in</strong></span> <span class='ocrx_word' id='word_1_164' title='bbox 1389 980 1580 1024; x_wconf 89' lang='lat' dir='ltr'><strong>Latinam</strong></span> <span class='ocrx_word' id='word_1_165' title='bbox 1613 982 1922 1037; x_wconf 86' lang='lat' dir='ltr'><strong>orationem.¹)</strong></span> <span class='ocrx_word' id='word_1_166' title='bbox 1978 981 2088 1034; x_wconf 39' lang='lat' dir='ltr'><strong>,Jam</strong></span> <span class='ocrx_word' id='word_1_167' title='bbox 2120 981 2172 1025; x_wconf 91' lang='lat' dir='ltr'><strong>de</strong></span> 
     </span>
     <span class='ocr_line' id='line_1_15' title="bbox 162 1040 2173 1102; baseline -0 -15"><span class='ocrx_word' id='word_1_168' title='bbox 162 1049 382 1102; x_wconf 86' lang='lat' dir='ltr'><strong>poetarum</strong></span> <span class='ocrx_word' id='word_1_169' title='bbox 417 1055 497 1089; x_wconf 74' lang='lat' dir='ltr'><strong>usu</strong></span> <span class='ocrx_word' id='word_1_170' title='bbox 538 1040 592 1090; x_wconf 86' lang='lat' dir='ltr'><strong>cf.</strong></span> <span class='ocrx_word' id='word_1_171' title='bbox 626 1041 835 1099; x_wconf 84' lang='lat' dir='ltr'><strong>Wagner.</strong></span> <span class='ocrx_word' id='word_1_172' title='bbox 881 1041 1053 1099; x_wconf 78' lang='lat' dir='ltr'><strong>Quaest.</strong></span> <span class='ocrx_word' id='word_1_173' title='bbox 1094 1041 1204 1099; x_wconf 62' lang='lat' dir='ltr'><strong>Vstg</strong></span> <span class='ocrx_word' id='word_1_174' title='bbox 1244 1041 1324 1089; x_wconf 78' lang='lat'><strong>111..</strong></span> <span class='ocrx_word' id='word_1_175' title='bbox 1376 1042 1592 1095; x_wconf 63' lang='lat' dir='ltr'><strong>Quocirca</strong></span> <span class='ocrx_word' id='word_1_176' title='bbox 1635 1044 1931 1100; x_wconf 66' lang='lat' dir='ltr'><strong>recentiores,</strong></span> <span class='ocrx_word' id='word_1_177' title='bbox 1975 1045 2045 1101; x_wconf 89' lang='lat' dir='ltr'><strong>qui</strong></span> <span class='ocrx_word' id='word_1_178' title='bbox 2087 1057 2173 1087; x_wconf 91' lang='lat' dir='ltr'><strong>no-</strong></span> 
     </span>
     <span class='ocr_line' id='line_1_16' title="bbox 162 1102 2173 1162; baseline 0.002 -16"><span class='ocrx_word' id='word_1_179' title='bbox 162 1107 272 1152; x_wconf 75' lang='lat' dir='ltr'><strong>mina</strong></span> <span class='ocrx_word' id='word_1_180' title='bbox 304 1103 376 1149; x_wconf 88' lang='lat' dir='ltr'><strong>tali</strong></span> <span class='ocrx_word' id='word_1_181' title='bbox 419 1103 548 1151; x_wconf 88' lang='lat' dir='ltr'><strong>modo</strong></span> <span class='ocrx_word' id='word_1_182' title='bbox 578 1102 864 1158; x_wconf 77' lang='lat' dir='ltr'><strong>declinarunt,</strong></span> <span class='ocrx_word' id='word_1_183' title='bbox 936 1102 1129 1155; x_wconf 57' lang='lat' dir='ltr'><strong>rubetam,</strong></span> <span class='ocrx_word' id='word_1_184' title='bbox 1165 1105 1323 1151; x_wconf 86' lang='lat' dir='ltr'><strong>civium</strong></span> <span class='ocrx_word' id='word_1_185' title='bbox 1349 1103 1701 1161; x_wconf 73' lang='lat' dir='ltr'><strong>consuetudinem</strong></span> <span class='ocrx_word' id='word_1_186' title='bbox 1742 1117 1879 1162; x_wconf 83' lang='lat' dir='ltr'><strong>aeque</strong></span> <span class='ocrx_word' id='word_1_187' title='bbox 1916 1118 1969 1153; x_wconf 82' lang='lat' dir='ltr'><strong>ac</strong></span> <span class='ocrx_word' id='word_1_188' title='bbox 2009 1117 2173 1152; x_wconf 83' lang='lat' dir='ltr'><strong>morem</strong></span> 
     </span>
     <span class='ocr_line' id='line_1_17' title="bbox 162 1164 2173 1228; baseline -0.001 -15"><span class='ocrx_word' id='word_1_189' title='bbox 162 1166 428 1213; x_wconf 81' lang='lat' dir='ltr'><strong>Graecorum</strong></span> <span class='ocrx_word' id='word_1_190' title='bbox 462 1167 602 1217; x_wconf 80' lang='lat' dir='ltr'><strong>secuti</strong></span> <span class='ocrx_word' id='word_1_191' title='bbox 638 1165 847 1217; x_wconf 79' lang='lat' dir='ltr'><strong>videntur.</strong></span> <span class='ocrx_word' id='word_1_192' title='bbox 951 1172 965 1211; x_wconf 91' lang='lat' dir='ltr'><strong>t</strong></span> <span class='ocrx_word' id='word_1_193' title='bbox 998 1164 1192 1228; x_wconf 73' lang='lat' dir='ltr'><strong>Velleius</strong></span> <span class='ocrx_word' id='word_1_194' title='bbox 1211 1165 1460 1216; x_wconf 83' lang='lat' dir='ltr'><strong>Paterculus</strong></span> <span class='ocrx_word' id='word_1_195' title='bbox 1489 1173 1533 1227; x_wconf 70' lang='lat' dir='ltr'><strong>et</strong></span> <span class='ocrx_word' id='word_1_196' title='bbox 1548 1166 1817 1226; x_wconf 64' lang='lat' dir='ltr'><strong>Mematen</strong></span> <span class='ocrx_word' id='word_1_197' title='bbox 1849 1173 1892 1215; x_wconf 90' lang='lat' dir='ltr'><strong>et</strong></span> <span class='ocrx_word' id='word_1_198' title='bbox 1921 1165 2173 1226; x_wconf 71' lang='lat' dir='ltr'><strong>Euphraten</strong></span> 
     </span>
     <span class='ocr_line' id='line_1_18' title="bbox 162 1227 2174 1287; baseline 0 -13"><span class='ocrx_word' id='word_1_199' title='bbox 162 1236 204 1275; x_wconf 88' lang='lat' dir='ltr'><strong>et</strong></span> <span class='ocrx_word' id='word_1_200' title='bbox 235 1229 411 1275; x_wconf 70' lang='lat' dir='ltr'><strong>Xerxen</strong></span> <span class='ocrx_word' id='word_1_201' title='bbox 446 1235 493 1273; x_wconf 84' lang='lat' dir='ltr'><strong>et</strong></span> <span class='ocrx_word' id='word_1_202' title='bbox 520 1228 794 1279; x_wconf 67' lang='lat' dir='ltr'><strong>Mithridaten</strong></span> <span class='ocrx_word' id='word_1_203' title='bbox 819 1235 860 1274; x_wconf 87' lang='lat' dir='ltr'><strong>et</strong></span> <span class='ocrx_word' id='word_1_204' title='bbox 890 1228 1163 1276; x_wconf 77' lang='lat' dir='ltr'><strong>Artavasden</strong></span> <span class='ocrx_word' id='word_1_205' title='bbox 1194 1236 1238 1277; x_wconf 85' lang='lat' dir='ltr'><strong>et</strong></span> <span class='ocrx_word' id='word_1_206' title='bbox 1258 1229 1462 1287; x_wconf 66' lang='lat' dir='ltr'><strong>Segesten</strong></span> <span class='ocrx_word' id='word_1_207' title='bbox 1488 1231 1576 1278; x_wconf 71' lang='lat' dir='ltr'><strong>sori</strong></span> <span class='ocrx_word' id='word_1_208' title='bbox 1608 1231 1672 1274; x_wconf 87' lang='lat' dir='ltr'><strong>sit.</strong></span> <span class='ocrx_word' id='word_1_209' title='bbox 1712 1227 1842 1278; x_wconf 74' lang='lat' dir='ltr'><strong>Kritz.</strong></span> <span class='ocrx_word' id='word_1_210' title='bbox 1874 1229 1928 1277; x_wconf 84' lang='lat' dir='ltr'><strong>ad</strong></span> <span class='ocrx_word' id='word_1_211' title='bbox 1950 1228 2002 1285; x_wconf 80' lang='grc' dir='ltr'>ΙΙ,</span> <span class='ocrx_word' id='word_1_212' title='bbox 2035 1227 2111 1286; x_wconf 87' lang='grc'>33,</span> <span class='ocrx_word' id='word_1_213' title='bbox 2136 1229 2174 1274; x_wconf 91' lang='grc'><strong>1.</strong></span> 
     </span>
     <span class='ocr_line' id='line_1_19' title="bbox 162 1289 2174 1350; baseline 0 -14"><span class='ocrx_word' id='word_1_214' title='bbox 162 1292 289 1350; x_wconf 85' lang='lat' dir='ltr'><strong>Apud</strong></span> <span class='ocrx_word' id='word_1_215' title='bbox 321 1290 519 1341; x_wconf 83' lang='lat' dir='ltr'><strong>Tacitum</strong></span> <span class='ocrx_word' id='word_1_216' title='bbox 545 1289 744 1343; x_wconf 79' lang='lat' dir='ltr'><strong>Orellius</strong></span> <span class='ocrx_word' id='word_1_217' title='bbox 789 1294 831 1341; x_wconf 83' lang='lat' dir='ltr'><strong>in</strong></span> <span class='ocrx_word' id='word_1_218' title='bbox 858 1290 971 1337; x_wconf 83' lang='lat' dir='ltr'><strong>Ann.</strong></span> <span class='ocrx_word' id='word_1_219' title='bbox 1004 1289 1067 1346; x_wconf 84' lang='lat' dir='ltr'><strong>IL,</strong></span> <span class='ocrx_word' id='word_1_220' title='bbox 1105 1292 1135 1343; x_wconf 84' lang='grc'>4</span> <span class='ocrx_word' id='word_1_221' title='bbox 1166 1292 1525 1346; x_wconf 62' lang='lat' dir='ltr'><strong>Ariobarzanen,</strong></span> <span class='ocrx_word' id='word_1_222' title='bbox 1596 1291 1630 1347; x_wconf 81' lang='grc' dir='ltr'>Ι,</span> <span class='ocrx_word' id='word_1_223' title='bbox 1667 1291 1744 1340; x_wconf 65' lang='lat'><strong>18.</strong></span> <span class='ocrx_word' id='word_1_224' title='bbox 1775 1291 2070 1348; x_wconf 68' lang='lat' dir='ltr'><strong>Theophanen,</strong></span> <span class='ocrx_word' id='word_1_225' title='bbox 2101 1290 2174 1350; x_wconf 84' lang='lat'><strong>32.</strong></span> 
     </span>
     <span class='ocr_line' id='line_1_20' title="bbox 161 1350 2175 1413; baseline 0 -14"><span class='ocrx_word' id='word_1_226' title='bbox 161 1353 432 1407; x_wconf 72' lang='lat' dir='ltr'><strong>Phrahoeten,</strong></span> <span class='ocrx_word' id='word_1_227' title='bbox 471 1352 714 1411; x_wconf 72' lang='lat' dir='ltr'><strong>Tiridaten,</strong></span> <span class='ocrx_word' id='word_1_228' title='bbox 750 1353 1045 1407; x_wconf 67' lang='lat' dir='ltr'><strong>Mithridaten,</strong></span> <span class='ocrx_word' id='word_1_229' title='bbox 1071 1353 1156 1402; x_wconf 76' lang='lat' dir='ltr'><strong>alia</strong></span> <span class='ocrx_word' id='word_1_230' title='bbox 1189 1353 1329 1401; x_wconf 76' lang='lat' dir='ltr'><strong>edidit.</strong></span> <span class='ocrx_word' id='word_1_231' title='bbox 1393 1353 1498 1401; x_wconf 80' lang='lat' dir='ltr'><strong>Item</strong></span> <span class='ocrx_word' id='word_1_232' title='bbox 1530 1352 1668 1400; x_wconf 80' lang='lat' dir='ltr'><strong>Plinio</strong></span> <span class='ocrx_word' id='word_1_233' title='bbox 1702 1355 1746 1402; x_wconf 82' lang='lat' dir='ltr'><strong>in</strong></span> <span class='ocrx_word' id='word_1_234' title='bbox 1778 1350 1870 1399; x_wconf 71' lang='lat' dir='ltr'><strong>Nat„</strong></span> <span class='ocrx_word' id='word_1_235' title='bbox 1904 1350 2008 1399; x_wconf 89' lang='lat' dir='ltr'><strong>Hist.</strong></span> <span class='ocrx_word' id='word_1_236' title='bbox 2038 1367 2175 1413; x_wconf 85' lang='lat' dir='ltr'><strong>nuper</strong></span> 
     </span>
     <span class='ocr_line' id='line_1_21' title="bbox 162 1413 2175 1474; baseline 0.001 -15"><span class='ocrx_word' id='word_1_237' title='bbox 162 1416 355 1472; x_wconf 79' lang='lat' dir='ltr'><strong>Silligius</strong></span> <span class='ocrx_word' id='word_1_238' title='bbox 375 1414 430 1471; x_wconf 88' lang='grc' dir='ltr'>ΙΙ,</span> <span class='ocrx_word' id='word_1_239' title='bbox 458 1414 566 1470; x_wconf 88' lang='grc'>108,</span> <span class='ocrx_word' id='word_1_240' title='bbox 594 1414 788 1471; x_wconf 64' lang='lat' dir='ltr'><strong>112,V1,</strong></span> <span class='ocrx_word' id='word_1_241' title='bbox 826 1414 900 1469; x_wconf 85' lang='grc'>27,</span> <span class='ocrx_word' id='word_1_242' title='bbox 933 1413 1023 1458; x_wconf 90' lang='grc'><strong>130</strong></span> <span class='ocrx_word' id='word_1_243' title='bbox 1054 1414 1322 1474; x_wconf 70' lang='lat' dir='ltr'><strong>Euphmten,</strong></span> <span class='ocrx_word' id='word_1_244' title='bbox 1338 1414 1406 1461; x_wconf 87' lang='lat' dir='ltr'><strong>Cf.</strong></span> <span class='ocrx_word' id='word_1_245' title='bbox 1429 1415 1596 1472; x_wconf 78' lang='lat' dir='ltr'><strong>vt,17,</strong></span> <span class='ocrx_word' id='word_1_246' title='bbox 1626 1415 1704 1471; x_wconf 78' lang='lat'><strong>63,</strong></span> <span class='ocrx_word' id='word_1_247' title='bbox 1735 1417 1780 1459; x_wconf 89' lang='lat' dir='ltr'><strong>in</strong></span> <span class='ocrx_word' id='word_1_248' title='bbox 1809 1415 1998 1460; x_wconf 83' lang='lat' dir='ltr'><strong>editione</strong></span> <span class='ocrx_word' id='word_1_249' title='bbox 2027 1414 2175 1462; x_wconf 76' lang='lat' dir='ltr'><strong>viudi-</strong></span> 
     </span>
     <span class='ocr_line' id='line_1_22' title="bbox 161 1471 2175 1538; baseline -0.002 -16"><span class='ocrx_word' id='word_1_250' title='bbox 161 1480 292 1532; x_wconf 71' lang='lat' dir='ltr'><strong>cavit,</strong></span> <span class='ocrx_word' id='word_1_251' title='bbox 322 1492 438 1536; x_wconf 70' lang='lat' dir='ltr'><strong>quae</strong></span> <span class='ocrx_word' id='word_1_252' title='bbox 470 1479 659 1536; x_wconf 81' lang='lat' dir='ltr'><strong>egregia</strong></span> <span class='ocrx_word' id='word_1_253' title='bbox 695 1476 961 1536; x_wconf 76' lang='lat' dir='ltr'><strong>supellectile</strong></span> <span class='ocrx_word' id='word_1_254' title='bbox 992 1471 1142 1525; x_wconf 72' lang='lat' dir='ltr'><strong>critica</strong></span> <span class='ocrx_word' id='word_1_255' title='bbox 1171 1478 1379 1537; x_wconf 76' lang='lat' dir='ltr'><strong>splendet.</strong></span> <span class='ocrx_word' id='word_1_256' title='bbox 1445 1477 1633 1525; x_wconf 81' lang='lat' dir='ltr'><strong>Cuutium</strong></span> <span class='ocrx_word' id='word_1_257' title='bbox 1668 1476 1804 1530; x_wconf 70' lang='lat' dir='ltr'><strong>adde,</strong></span> <span class='ocrx_word' id='word_1_258' title='bbox 1846 1479 1917 1535; x_wconf 89' lang='lat' dir='ltr'><strong>qui</strong></span> <span class='ocrx_word' id='word_1_259' title='bbox 1957 1484 2060 1538; x_wconf 81' lang='lat' dir='ltr'><strong>quot</strong></span> <span class='ocrx_word' id='word_1_260' title='bbox 2092 1477 2175 1526; x_wconf 74' lang='lat' dir='ltr'><strong>ha·-</strong></span> 
     </span>
     <span class='ocr_line' id='line_1_23' title="bbox 160 1538 2174 1600; baseline 0.001 -17"><span class='ocrx_word' id='word_1_261' title='bbox 160 1540 258 1587; x_wconf 83' lang='lat' dir='ltr'><strong>beat</strong></span> <span class='ocrx_word' id='word_1_262' title='bbox 296 1539 501 1598; x_wconf 72' lang='lat' dir='ltr'><strong>exempla</strong></span> <span class='ocrx_word' id='word_1_263' title='bbox 543 1539 666 1598; x_wconf 83' lang='lat' dir='ltr'><strong>hujus</strong></span> <span class='ocrx_word' id='word_1_264' title='bbox 708 1540 907 1597; x_wconf 82' lang='lat' dir='ltr'><strong>generis,</strong></span> <span class='ocrx_word' id='word_1_265' title='bbox 946 1553 1008 1586; x_wconf 79' lang='lat' dir='ltr'><strong>ex</strong></span> <span class='ocrx_word' id='word_1_266' title='bbox 1049 1538 1209 1599; x_wconf 82' lang='lat' dir='ltr'><strong>Zumpt.</strong></span> <span class='ocrx_word' id='word_1_267' title='bbox 1254 1540 1339 1587; x_wconf 89' lang='lat' dir='ltr'><strong>lnd.</strong></span> <span class='ocrx_word' id='word_1_268' title='bbox 1381 1540 1534 1587; x_wconf 81' lang='lat' dir='ltr'><strong>videre</strong></span> <span class='ocrx_word' id='word_1_269' title='bbox 1587 1539 1700 1587; x_wconf 84' lang='lat' dir='ltr'><strong>licet.</strong></span> <span class='ocrx_word' id='word_1_270' title='bbox 1776 1539 1946 1588; x_wconf 81' lang='lat' dir='ltr'><strong>Similes</strong></span> <span class='ocrx_word' id='word_1_271' title='bbox 1985 1538 2174 1600; x_wconf 38' lang='lat' dir='ltr'><strong>‘denique</strong></span> 
     </span>
     <span class='ocr_line' id='line_1_24' title="bbox 164 1601 2175 1662; baseline 0 -13"><span class='ocrx_word' id='word_1_272' title='bbox 164 1603 396 1649; x_wconf 80' lang='lat' dir='ltr'><strong>Frontom&#39;s</strong></span> <span class='ocrx_word' id='word_1_273' title='bbox 439 1601 601 1652; x_wconf 79' lang='lat' dir='ltr'><strong>formas</strong></span> <span class='ocrx_word' id='word_1_274' title='bbox 638 1602 748 1662; x_wconf 78' lang='lat' dir='ltr'><strong>apud</strong></span> <span class='ocrx_word' id='word_1_275' title='bbox 791 1601 913 1649; x_wconf 86' lang='lat' dir='ltr'><strong>Haas.</strong></span> <span class='ocrx_word' id='word_1_276' title='bbox 955 1601 1009 1649; x_wconf 79' lang='lat' dir='ltr'><strong>ad</strong></span> <span class='ocrx_word' id='word_1_277' title='bbox 1037 1601 1202 1660; x_wconf 81' lang='lat' dir='ltr'><strong>Reisig.</strong></span> <span class='ocrx_word' id='word_1_278' title='bbox 1246 1618 1315 1662; x_wconf 78' lang='lat' dir='ltr'><strong>pg.</strong></span> <span class='ocrx_word' id='word_1_279' title='bbox 1358 1603 1458 1651; x_wconf 88' lang='lat'><strong>109.</strong></span> <span class='ocrx_word' id='word_1_280' title='bbox 1505 1604 1717 1658; x_wconf 75' lang='lat' dir='ltr'><strong>iuvenies,</strong></span> <span class='ocrx_word' id='word_1_281' title='bbox 1763 1601 1907 1660; x_wconf 81' lang='lat' dir='ltr'><strong>Atque</strong></span> <span class='ocrx_word' id='word_1_282' title='bbox 1949 1602 1991 1649; x_wconf 79' lang='lat' dir='ltr'><strong>hi</strong></span> <span class='ocrx_word' id='word_1_283' title='bbox 2027 1615 2175 1653; x_wconf 74' lang='lat' dir='ltr'><strong>omnes</strong></span> 
     </span>
     <span class='ocr_line' id='line_1_25' title="bbox 164 1662 2175 1727; baseline -0.001 -16"><span class='ocrx_word' id='word_1_284' title='bbox 164 1667 373 1723; x_wconf 87' lang='lat' dir='ltr'><strong>majorem</strong></span> <span class='ocrx_word' id='word_1_285' title='bbox 408 1666 537 1711; x_wconf 85' lang='lat' dir='ltr'><strong>etiam</strong></span> <span class='ocrx_word' id='word_1_286' title='bbox 568 1667 734 1725; x_wconf 87' lang='lat' dir='ltr'><strong>copiam</strong></span> <span class='ocrx_word' id='word_1_287' title='bbox 760 1677 920 1720; x_wconf 87' lang='lat' dir='ltr'><strong>earum,</strong></span> <span class='ocrx_word' id='word_1_288' title='bbox 950 1679 1075 1723; x_wconf 79' lang='lat' dir='ltr'><strong>quam</strong></span> <span class='ocrx_word' id='word_1_289' title='bbox 1108 1667 1362 1727; x_wconf 84' lang='lat' dir='ltr'><strong>superiores</strong></span> <span class='ocrx_word' id='word_1_290' title='bbox 1394 1665 1454 1710; x_wconf 92' lang='lat' dir='ltr'><strong>illi</strong></span> <span class='ocrx_word' id='word_1_291' title='bbox 1489 1664 1779 1726; x_wconf 78' lang='lat' dir='ltr'><strong>suppeditant,</strong></span> <span class='ocrx_word' id='word_1_292' title='bbox 1842 1664 1952 1723; x_wconf 82' lang='lat' dir='ltr'><strong>uod,</strong></span> <span class='ocrx_word' id='word_1_293' title='bbox 1992 1662 2175 1715; x_wconf 83' lang='lat' dir='ltr'><strong>Graecis</strong></span> 
     </span>
     <span class='ocr_line' id='line_1_26' title="bbox 160 1727 2177 1786; baseline 0.002 -13"><span class='ocrx_word' id='word_1_294' title='bbox 160 1730 301 1773; x_wconf 86' lang='lat' dir='ltr'><strong>literis</strong></span> <span class='ocrx_word' id='word_1_295' title='bbox 331 1728 505 1782; x_wconf 86' lang='lat' dir='ltr'><strong>eruditi,</strong></span> <span class='ocrx_word' id='word_1_296' title='bbox 540 1729 795 1785; x_wconf 73' lang='lat' dir='ltr'><strong>elegantiam</strong></span> <span class='ocrx_word' id='word_1_297' title='bbox 839 1730 1045 1773; x_wconf 90' lang='lat' dir='ltr'><strong>orationis</strong></span> <span class='ocrx_word' id='word_1_298' title='bbox 1083 1730 1120 1772; x_wconf 91' lang='lat' dir='ltr'><strong>si</strong></span> <span class='ocrx_word' id='word_1_299' title='bbox 1161 1743 1250 1776; x_wconf 82' lang='lat' dir='ltr'><strong>non</strong></span> <span class='ocrx_word' id='word_1_300' title='bbox 1288 1730 1602 1786; x_wconf 77' lang='lat' dir='ltr'><strong>neglexerunt,</strong></span> <span class='ocrx_word' id='word_1_301' title='bbox 1645 1736 1685 1773; x_wconf 78' lang='lat' dir='ltr'><strong>at</strong></span> <span class='ocrx_word' id='word_1_302' title='bbox 1731 1729 1808 1777; x_wconf 70' lang='lat' dir='ltr'><strong>art*</strong></span> <span class='ocrx_word' id='word_1_303' title='bbox 1869 1730 1919 1772; x_wconf 90' lang='lat' dir='ltr'><strong>iis</strong></span> <span class='ocrx_word' id='word_1_304' title='bbox 1960 1727 2177 1777; x_wconf 78' lang='lat' dir='ltr'><strong>rhetorum</strong></span> 
     </span>
     <span class='ocr_line' id='line_1_27' title="bbox 161 1789 2177 1852; baseline -0 -17"><span class='ocrx_word' id='word_1_305' title='bbox 161 1798 283 1836; x_wconf 88' lang='lat' dir='ltr'><strong>certe</strong></span> <span class='ocrx_word' id='word_1_306' title='bbox 328 1796 668 1849; x_wconf 83' lang='lat' dir='ltr'><strong>postposuerunt</strong></span> <span class='ocrx_word' id='word_1_307' title='bbox 710 1797 751 1834; x_wconf 90' lang='lat' dir='ltr'><strong>et</strong></span> <span class='ocrx_word' id='word_1_308' title='bbox 793 1791 1055 1834; x_wconf 86' lang='lat' dir='ltr'><strong>ornamentis</strong></span> <span class='ocrx_word' id='word_1_309' title='bbox 1096 1789 1319 1837; x_wconf 84' lang='lat' dir='ltr'><strong>doctrinae</strong></span> <span class='ocrx_word' id='word_1_310' title='bbox 1353 1792 1504 1847; x_wconf 84' lang='lat' dir='ltr'><strong>variiS,</strong></span> <span class='ocrx_word' id='word_1_311' title='bbox 1542 1790 1692 1852; x_wconf 88' lang='lat' dir='ltr'><strong>quibus</strong></span> <span class='ocrx_word' id='word_1_312' title='bbox 1739 1792 1902 1835; x_wconf 84' lang='lat' dir='ltr'><strong>animos</strong></span> <span class='ocrx_word' id='word_1_313' title='bbox 1943 1789 2177 1846; x_wconf 84' lang='lat' dir='ltr'><strong>legentium</strong></span> 
     </span>
     <span class='ocr_line' id='line_1_28' title="bbox 163 1852 2176 1911; baseline 0 -14"><span class='ocrx_word' id='word_1_314' title='bbox 163 1854 291 1897; x_wconf 84' lang='lat' dir='ltr'><strong>facile</strong></span> <span class='ocrx_word' id='word_1_315' title='bbox 328 1853 584 1896; x_wconf 88' lang='lat' dir='ltr'><strong>delectatum</strong></span> <span class='ocrx_word' id='word_1_316' title='bbox 619 1854 672 1895; x_wconf 90' lang='lat' dir='ltr'><strong>iri</strong></span> <span class='ocrx_word' id='word_1_317' title='bbox 707 1860 941 1910; x_wconf 85' lang='lat' dir='ltr'><strong>sperarent.</strong></span> <span class='ocrx_word' id='word_1_318' title='bbox 1006 1852 1124 1897; x_wconf 87' lang='lat' dir='ltr'><strong>Haec</strong></span> <span class='ocrx_word' id='word_1_319' title='bbox 1157 1861 1297 1900; x_wconf 86' lang='lat' dir='ltr'><strong>autem</strong></span> <span class='ocrx_word' id='word_1_320' title='bbox 1331 1857 1534 1911; x_wconf 84' lang='lat' dir='ltr'><strong>copiosus</strong></span> <span class='ocrx_word' id='word_1_321' title='bbox 1564 1853 1792 1911; x_wconf 81' lang='lat' dir='ltr'><strong>disputavi,</strong></span> <span class='ocrx_word' id='word_1_322' title='bbox 1827 1860 1870 1896; x_wconf 90' lang='lat' dir='ltr'><strong>ut</strong></span> <span class='ocrx_word' id='word_1_323' title='bbox 1902 1854 2176 1899; x_wconf 65' lang='lat' dir='ltr'><strong>accusativos</strong></span> 
     </span>
     <span class='ocr_line' id='line_1_29' title="bbox 163 1913 2178 1972; baseline 0 -13"><span class='ocrx_word' id='word_1_324' title='bbox 163 1914 399 1972; x_wconf 87' lang='lat' dir='ltr'><strong>ejusmodi,</strong></span> <span class='ocrx_word' id='word_1_325' title='bbox 442 1913 515 1958; x_wconf 90' lang='lat' dir='ltr'><strong>ubi</strong></span> <span class='ocrx_word' id='word_1_326' title='bbox 559 1916 807 1960; x_wconf 90' lang='lat' dir='ltr'><strong>auctoritate</strong></span> <span class='ocrx_word' id='word_1_327' title='bbox 840 1913 971 1959; x_wconf 87' lang='lat' dir='ltr'><strong>Codd.</strong></span> <span class='ocrx_word' id='word_1_328' title='bbox 1000 1915 1101 1958; x_wconf 91' lang='lat' dir='ltr'><strong>satis</strong></span> <span class='ocrx_word' id='word_1_329' title='bbox 1148 1915 1304 1963; x_wconf 81' lang='lat' dir='ltr'><strong>idonea</strong></span> <span class='ocrx_word' id='word_1_330' title='bbox 1344 1915 1721 1970; x_wconf 84' lang='lat' dir='ltr'><strong>confirmarentur,</strong></span> <span class='ocrx_word' id='word_1_331' title='bbox 1763 1928 1851 1959; x_wconf 90' lang='lat' dir='ltr'><strong>non</strong></span> <span class='ocrx_word' id='word_1_332' title='bbox 1894 1920 2056 1959; x_wconf 87' lang='lat' dir='ltr'><strong>temere</strong></span> <span class='ocrx_word' id='word_1_333' title='bbox 2089 1913 2178 1960; x_wconf 76' lang='lat' dir='ltr'><strong>tol—</strong></span> 
     </span>
     <span class='ocr_line' id='line_1_30' title="bbox 164 1975 2178 2036; baseline 0 -17"><span class='ocrx_word' id='word_1_334' title='bbox 164 1978 316 2020; x_wconf 90' lang='lat' dir='ltr'><strong>lendos</strong></span> <span class='ocrx_word' id='word_1_335' title='bbox 351 1992 452 2021; x_wconf 90' lang='lat' dir='ltr'><strong>esse</strong></span> <span class='ocrx_word' id='word_1_336' title='bbox 491 1977 846 2030; x_wconf 71' lang='lat' dir='ltr'><strong>demonstrarem,</strong></span> <span class='ocrx_word' id='word_1_337' title='bbox 881 1980 1038 2036; x_wconf 90' lang='lat' dir='ltr'><strong>quippe</strong></span> <span class='ocrx_word' id='word_1_338' title='bbox 1069 1980 1140 2034; x_wconf 86' lang='lat' dir='ltr'><strong>qui</strong></span> <span class='ocrx_word' id='word_1_339' title='bbox 1174 1993 1314 2035; x_wconf 88' lang='lat' dir='ltr'><strong>neque</strong></span> <span class='ocrx_word' id='word_1_340' title='bbox 1335 1994 1359 2022; x_wconf 87' lang='lat' dir='ltr'><strong>a</strong></span> <span class='ocrx_word' id='word_1_341' title='bbox 1391 1979 1533 2025; x_wconf 84' lang='lat' dir='ltr'><strong>limato</strong></span> <span class='ocrx_word' id='word_1_342' title='bbox 1553 1977 1779 2021; x_wconf 85' lang='lat' dir='ltr'><strong>Ciceronis</strong></span> <span class='ocrx_word' id='word_1_343' title='bbox 1812 1991 1978 2031; x_wconf 84' lang='lat' dir='ltr'><strong>genere</strong></span> <span class='ocrx_word' id='word_1_344' title='bbox 2009 1975 2178 2019; x_wconf 85' lang='lat' dir='ltr'><strong>dicendi</strong></span> 
     </span>
     <span class='ocr_line' id='line_1_31' title="bbox 166 2037 1961 2099; baseline -0.002 -16"><span class='ocrx_word' id='word_1_345' title='bbox 166 2053 305 2098; x_wconf 89' lang='lat' dir='ltr'><strong>neque</strong></span> <span class='ocrx_word' id='word_1_346' title='bbox 345 2053 368 2084; x_wconf 90' lang='lat' dir='ltr'><strong>a</strong></span> <span class='ocrx_word' id='word_1_347' title='bbox 408 2037 719 2084; x_wconf 88' lang='lat' dir='ltr'><strong>consuetudine</strong></span> <span class='ocrx_word' id='word_1_348' title='bbox 757 2040 1046 2086; x_wconf 83' lang='lat' dir='ltr'><strong>recentiorum</strong></span> <span class='ocrx_word' id='word_1_349' title='bbox 1080 2040 1336 2099; x_wconf 86' lang='lat' dir='ltr'><strong>scriptorum</strong></span> <span class='ocrx_word' id='word_1_350' title='bbox 1369 2039 1498 2087; x_wconf 87' lang='lat' dir='ltr'><strong>alieni</strong></span> <span class='ocrx_word' id='word_1_351' title='bbox 1533 2038 1665 2086; x_wconf 87' lang='lat' dir='ltr'><strong>fuisse</strong></span> <span class='ocrx_word' id='word_1_352' title='bbox 1700 2037 1961 2085; x_wconf 83' lang='lat' dir='ltr'><strong>viderentur.</strong></span> 
     </span>
    </p>

    <p class='ocr_par' dir='ltr' id='par_1_3' title="bbox 167 2102 2183 2781">
     <span class='ocr_line' id='line_1_32' title="bbox 352 2102 2180 2161; baseline 0.001 -18"><span class='ocrx_word' id='word_1_353' title='bbox 352 2103 457 2159; x_wconf 75' lang='lat' dir='ltr'><strong>quid</strong></span> <span class='ocrx_word' id='word_1_354' title='bbox 488 2107 822 2161; x_wconf 73' lang='lat' dir='ltr'><strong>assequerentur.</strong></span> <span class='ocrx_word' id='word_1_355' title='bbox 887 2102 1171 2157; x_wconf 83' lang='lat' dir='ltr'><strong>Emendator,</strong></span> <span class='ocrx_word' id='word_1_356' title='bbox 1220 2104 1289 2161; x_wconf 91' lang='lat' dir='ltr'><strong>qui</strong></span> <span class='ocrx_word' id='word_1_357' title='bbox 1331 2105 1551 2150; x_wconf 87' lang='lat' dir='ltr'><strong>notissima</strong></span> <span class='ocrx_word' id='word_1_358' title='bbox 1584 2116 1779 2161; x_wconf 86' lang='lat' dir='ltr'><strong>quaeque</strong></span> <span class='ocrx_word' id='word_1_359' title='bbox 1812 2102 1915 2146; x_wconf 87' lang='lat' dir='ltr'><strong>artis</strong></span> <span class='ocrx_word' id='word_1_360' title='bbox 1949 2106 2180 2160; x_wconf 77' lang='lat' dir='ltr'><strong>praecepta</strong></span> 
     </span>
     <span class='ocr_line' id='line_1_33' title="bbox 167 2161 2181 2226; baseline -0 -18"><span class='ocrx_word' id='word_1_361' title='bbox 167 2165 494 2221; x_wconf 81' lang='lat' dir='ltr'><strong>diligentissime</strong></span> <span class='ocrx_word' id='word_1_362' title='bbox 527 2164 675 2218; x_wconf 84' lang='lat' dir='ltr'><strong>tenuit,</strong></span> <span class='ocrx_word' id='word_1_363' title='bbox 707 2178 799 2210; x_wconf 91' lang='lat' dir='ltr'><strong>cum</strong></span> <span class='ocrx_word' id='word_1_364' title='bbox 829 2165 872 2210; x_wconf 90' lang='lat' dir='ltr'><strong>in</strong></span> <span class='ocrx_word' id='word_1_365' title='bbox 899 2163 1053 2209; x_wconf 88' lang='lat' dir='ltr'><strong>codice</strong></span> <span class='ocrx_word' id='word_1_366' title='bbox 1073 2166 1128 2209; x_wconf 90' lang='lat' dir='ltr'><strong>ita</strong></span> <span class='ocrx_word' id='word_1_367' title='bbox 1158 2167 1360 2226; x_wconf 89' lang='lat' dir='ltr'><strong>scriptum</strong></span> <span class='ocrx_word' id='word_1_368' title='bbox 1389 2166 1671 2225; x_wconf 78' lang='lat' dir='ltr'><strong>repperisset,</strong></span> <span class='ocrx_word' id='word_1_369' title='bbox 1705 2161 1954 2209; x_wconf 82' lang='lat' dir='ltr'><strong>mirabiliter</strong></span> <span class='ocrx_word' id='word_1_370' title='bbox 1970 2163 2081 2222; x_wconf 83' lang='lat' dir='ltr'><strong>quod</strong></span> <span class='ocrx_word' id='word_1_371' title='bbox 2095 2176 2181 2209; x_wconf 77' lang='lat' dir='ltr'><strong>as.-</strong></span> 
     </span>
     <span class='ocr_line' id='line_1_34' title="bbox 167 2224 2179 2287; baseline -0 -18"><span class='ocrx_word' id='word_1_372' title='bbox 167 2231 442 2285; x_wconf 81' lang='lat' dir='ltr'><strong>sequerentur</strong></span> <span class='ocrx_word' id='word_1_373' title='bbox 483 2227 667 2286; x_wconf 88' lang='lat' dir='ltr'><strong>scripsit.</strong></span> <span class='ocrx_word' id='word_1_374' title='bbox 714 2226 875 2274; x_wconf 84' lang='lat' dir='ltr'><strong>Eumne</strong></span> <span class='ocrx_word' id='word_1_375' title='bbox 921 2225 962 2274; x_wconf 91' lang='lat' dir='ltr'><strong>id</strong></span> <span class='ocrx_word' id='word_1_376' title='bbox 999 2229 1232 2275; x_wconf 80' lang='lat' dir='ltr'><strong>mutavisse</strong></span> <span class='ocrx_word' id='word_1_377' title='bbox 1266 2235 1472 2286; x_wconf 87' lang='lat' dir='ltr'><strong>putamus,</strong></span> <span class='ocrx_word' id='word_1_378' title='bbox 1507 2225 1618 2287; x_wconf 88' lang='lat' dir='ltr'><strong>quod</strong></span> <span class='ocrx_word' id='word_1_379' title='bbox 1651 2227 1951 2283; x_wconf 82' lang='lat' dir='ltr'><strong>grammaticos</strong></span> <span class='ocrx_word' id='word_1_380' title='bbox 1982 2224 2179 2278; x_wconf 74' lang='lat' dir='ltr'><strong>audierit,</strong></span> 
     </span>
     <span class='ocr_line' id='line_1_35' title="bbox 169 2286 2179 2349; baseline -0.001 -16"><span class='ocrx_word' id='word_1_381' title='bbox 169 2292 237 2347; x_wconf 85' lang='lat' dir='ltr'><strong>qui</strong></span> <span class='ocrx_word' id='word_1_382' title='bbox 276 2290 382 2333; x_wconf 87' lang='lat' dir='ltr'><strong>haec</strong></span> <span class='ocrx_word' id='word_1_383' title='bbox 421 2290 693 2348; x_wconf 72' lang='lat' dir='ltr'><strong>pronomina„</strong></span> <span class='ocrx_word' id='word_1_384' title='bbox 731 2296 773 2334; x_wconf 90' lang='lat' dir='ltr'><strong>ut</strong></span> <span class='ocrx_word' id='word_1_385' title='bbox 806 2297 869 2334; x_wconf 91' lang='lat' dir='ltr'><strong>est</strong></span> <span class='ocrx_word' id='word_1_386' title='bbox 900 2305 964 2348; x_wconf 89' lang='lat' dir='ltr'><strong>ap.</strong></span> <span class='ocrx_word' id='word_1_387' title='bbox 998 2289 1205 2335; x_wconf 85' lang='lat' dir='ltr'><strong>Priscian.</strong></span> <span class='ocrx_word' id='word_1_388' title='bbox 1259 2290 1305 2335; x_wconf 91' lang='lat' dir='ltr'><strong>T.</strong></span> <span class='ocrx_word' id='word_1_389' title='bbox 1339 2291 1357 2335; x_wconf 91' lang='lat'><em>1</em></span> <span class='ocrx_word' id='word_1_390' title='bbox 1389 2305 1458 2349; x_wconf 85' lang='lat' dir='ltr'><strong>pg.</strong></span> <span class='ocrx_word' id='word_1_391' title='bbox 1494 2290 1607 2342; x_wconf 84' lang='lat'>563;</span> <span class='ocrx_word' id='word_1_392' title='bbox 1642 2289 1695 2345; x_wconf 91' lang='grc' dir='ltr'>ΙΙ,</span> <span class='ocrx_word' id='word_1_393' title='bbox 1727 2304 1797 2347; x_wconf 83' lang='lat' dir='ltr'><strong>pg.</strong></span> <span class='ocrx_word' id='word_1_394' title='bbox 1825 2287 1885 2334; x_wconf 80' lang='grc'><strong>24</strong></span> <span class='ocrx_word' id='word_1_395' title='bbox 1919 2287 1984 2332; x_wconf 92' lang='lat' dir='ltr'><strong>ed.</strong></span> <span class='ocrx_word' id='word_1_396' title='bbox 2019 2286 2179 2341; x_wconf 70' lang='lat' dir='ltr'><strong>Kreld,</strong></span> 
     </span>
     <span class='ocr_line' id='line_1_36' title="bbox 172 2350 2181 2411; baseline -0.002 -16"><span class='ocrx_word' id='word_1_397' title='bbox 172 2351 270 2398; x_wconf 84' lang='lat' dir='ltr'><strong>nihil</strong></span> <span class='ocrx_word' id='word_1_398' title='bbox 305 2357 374 2395; x_wconf 87' lang='lat' dir='ltr'><strong>aut</strong></span> <span class='ocrx_word' id='word_1_399' title='bbox 405 2365 554 2411; x_wconf 91' lang='lat' dir='ltr'><strong>parum</strong></span> <span class='ocrx_word' id='word_1_400' title='bbox 588 2352 701 2396; x_wconf 81' lang='lat' dir='ltr'><strong>inter</strong></span> <span class='ocrx_word' id='word_1_401' title='bbox 734 2365 781 2396; x_wconf 89' lang='lat' dir='ltr'><strong>se</strong></span> <span class='ocrx_word' id='word_1_402' title='bbox 814 2351 986 2399; x_wconf 78' lang='lat' dir='ltr'><strong>differre</strong></span> <span class='ocrx_word' id='word_1_403' title='bbox 1023 2351 1264 2399; x_wconf 79' lang='lat' dir='ltr'><strong>docerent?</strong></span> <span class='ocrx_word' id='word_1_404' title='bbox 1298 2351 1407 2410; x_wconf 83' lang='lat' dir='ltr'><strong>Quid</strong></span> <span class='ocrx_word' id='word_1_405' title='bbox 1440 2365 1550 2396; x_wconf 88' lang='lat' dir='ltr'><strong>vero</strong></span> <span class='ocrx_word' id='word_1_406' title='bbox 1587 2350 1678 2407; x_wconf 80' lang='lat' dir='ltr'><strong>fuit,</strong></span> <span class='ocrx_word' id='word_1_407' title='bbox 1713 2364 1789 2397; x_wconf 90' lang='lat' dir='ltr'><strong>cur</strong></span> <span class='ocrx_word' id='word_1_408' title='bbox 1822 2351 2181 2406; x_wconf 69' lang='lat' dir='ltr'><strong>interrogativum</strong></span> 
     </span>
     <span class='ocr_line' id='line_1_37' title="bbox 171 2412 2182 2469; baseline 0.001 -14"><span class='ocrx_word' id='word_1_409' title='bbox 171 2414 287 2458; x_wconf 83' lang='lat' dir='ltr'><strong>serre</strong></span> <span class='ocrx_word' id='word_1_410' title='bbox 323 2414 492 2459; x_wconf 82' lang='lat' dir='ltr'><strong>nollet?</strong></span> <span class='ocrx_word' id='word_1_411' title='bbox 527 2414 597 2457; x_wconf 87' lang='lat' dir='ltr'><strong>An</strong></span> <span class='ocrx_word' id='word_1_412' title='bbox 632 2414 739 2459; x_wconf 88' lang='lat' dir='ltr'><strong>alios</strong></span> <span class='ocrx_word' id='word_1_413' title='bbox 774 2414 907 2459; x_wconf 85' lang='lat' dir='ltr'><strong>libros</strong></span> <span class='ocrx_word' id='word_1_414' title='bbox 943 2414 995 2458; x_wconf 84' lang='lat' dir='ltr'><strong>ad</strong></span> <span class='ocrx_word' id='word_1_415' title='bbox 1026 2417 1350 2464; x_wconf 79' lang='lat' dir='ltr'><strong>correctionem</strong></span> <span class='ocrx_word' id='word_1_416' title='bbox 1381 2414 1600 2460; x_wconf 82' lang='lat' dir='ltr'><strong>adhibuit?</strong></span> <span class='ocrx_word' id='word_1_417' title='bbox 1638 2413 1762 2469; x_wconf 82' lang='lat' dir='ltr'><strong>Quod</strong></span> <span class='ocrx_word' id='word_1_418' title='bbox 1797 2412 2061 2461; x_wconf 81' lang='lat' dir='ltr'><strong>contendere</strong></span> <span class='ocrx_word' id='word_1_419' title='bbox 2094 2425 2182 2459; x_wconf 87' lang='lat' dir='ltr'><strong>nou</strong></span> 
     </span>
     <span class='ocr_line' id='line_1_38' title="bbox 171 2472 2182 2536; baseline -0.001 -16"><span class='ocrx_word' id='word_1_420' title='bbox 171 2477 325 2531; x_wconf 87' lang='lat' dir='ltr'><strong>ausim,</strong></span> <span class='ocrx_word' id='word_1_421' title='bbox 368 2477 450 2522; x_wconf 83' lang='lat' dir='ltr'><strong>nisi</strong></span> <span class='ocrx_word' id='word_1_422' title='bbox 493 2475 536 2522; x_wconf 88' lang='lat' dir='ltr'><strong>id</strong></span> <span class='ocrx_word' id='word_1_423' title='bbox 578 2475 856 2533; x_wconf 85' lang='lat' dir='ltr'><strong>gravioribus</strong></span> <span class='ocrx_word' id='word_1_424' title='bbox 900 2476 1136 2524; x_wconf 87' lang='lat' dir='ltr'><strong>rationibus</strong></span> <span class='ocrx_word' id='word_1_425' title='bbox 1176 2475 1463 2527; x_wconf 82' lang='lat' dir='ltr'><strong>demonstrari</strong></span> <span class='ocrx_word' id='word_1_426' title='bbox 1501 2476 1671 2536; x_wconf 87' lang='lat' dir='ltr'><strong>poterit.</strong></span> <span class='ocrx_word' id='word_1_427' title='bbox 1742 2473 1888 2533; x_wconf 80' lang='lat' dir='ltr'><strong>Itaque</strong></span> <span class='ocrx_word' id='word_1_428' title='bbox 1928 2473 2035 2535; x_wconf 74' lang='lat' dir='ltr'><strong>nillil¹</strong></span> <span class='ocrx_word' id='word_1_429' title='bbox 2072 2472 2182 2517; x_wconf 79' lang='lat' dir='ltr'><strong>reli-</strong></span> 
     </span>
     <span class='ocr_line' id='line_1_39' title="bbox 172 2535 2180 2599; baseline 0 -17"><span class='ocrx_word' id='word_1_430' title='bbox 172 2552 294 2595; x_wconf 90' lang='lat' dir='ltr'><strong>quum</strong></span> <span class='ocrx_word' id='word_1_431' title='bbox 327 2546 405 2593; x_wconf 90' lang='lat' dir='ltr'><strong>est,</strong></span> <span class='ocrx_word' id='word_1_432' title='bbox 439 2541 521 2585; x_wconf 91' lang='lat' dir='ltr'><strong>nisi</strong></span> <span class='ocrx_word' id='word_1_433' title='bbox 556 2546 599 2583; x_wconf 92' lang='lat' dir='ltr'><strong>ut</strong></span> <span class='ocrx_word' id='word_1_434' title='bbox 635 2554 731 2583; x_wconf 90' lang='lat' dir='ltr'><strong>eum</strong></span> <span class='ocrx_word' id='word_1_435' title='bbox 755 2542 1006 2587; x_wconf 87' lang='lat' dir='ltr'><strong>sententiam</strong></span> <span class='ocrx_word' id='word_1_436' title='bbox 1028 2542 1085 2587; x_wconf 86' lang='lat' dir='ltr'><strong>ita</strong></span> <span class='ocrx_word' id='word_1_437' title='bbox 1115 2542 1437 2599; x_wconf 84' lang='lat' dir='ltr'><strong>interpretatum</strong></span> <span class='ocrx_word' id='word_1_438' title='bbox 1462 2537 1562 2585; x_wconf 84' lang='lat' dir='ltr'><strong>esse</strong></span> <span class='ocrx_word' id='word_1_439' title='bbox 1595 2546 1803 2597; x_wconf 55' lang='lat' dir='ltr'><strong>putemus,</strong></span> <span class='ocrx_word' id='word_1_440' title='bbox 1838 2539 1957 2597; x_wconf 84' lang='lat' dir='ltr'><strong>quasi</strong></span> <span class='ocrx_word' id='word_1_441' title='bbox 1990 2535 2180 2597; x_wconf 79' lang='lat' dir='ltr'><strong>legeret;</strong></span> 
     </span>
     <span class='ocr_line' id='line_1_40' title="bbox 172 2596 2183 2661; baseline 0.002 -19"><span class='ocrx_word' id='word_1_442' title='bbox 172 2615 262 2643; x_wconf 78' lang='lat' dir='ltr'><strong>cum</strong></span> <span class='ocrx_word' id='word_1_443' title='bbox 292 2606 567 2658; x_wconf 79' lang='lat' dir='ltr'><strong>quaereretur</strong></span> <span class='ocrx_word' id='word_1_444' title='bbox 601 2616 658 2646; x_wconf 68' lang='lat' dir='ltr'><strong>ecc</strong></span> <span class='ocrx_word' id='word_1_445' title='bbox 699 2615 747 2647; x_wconf 87' lang='lat' dir='ltr'><strong>eo</strong></span> <span class='ocrx_word' id='word_1_446' title='bbox 779 2602 844 2656; x_wconf 76' lang='lat' dir='ltr'><strong>id,</strong></span> <span class='ocrx_word' id='word_1_447' title='bbox 884 2603 996 2661; x_wconf 83' lang='lat' dir='ltr'><strong>quod</strong></span> <span class='ocrx_word' id='word_1_448' title='bbox 1037 2602 1363 2661; x_wconf 75' lang='lat' dir='ltr'><strong>assequerentur</strong></span> <span class='ocrx_word' id='word_1_449' title='bbox 1403 2605 1494 2659; x_wconf 73' lang='lat' dir='ltr'><strong>ejus</strong></span> <span class='ocrx_word' id='word_1_450' title='bbox 1536 2601 1740 2659; x_wconf 79' lang='lat' dir='ltr'><strong>discipuli.</strong></span> <span class='ocrx_word' id='word_1_451' title='bbox 1812 2596 1918 2647; x_wconf 84' lang='lat' dir='ltr'><strong>Nam</strong></span> <span class='ocrx_word' id='word_1_452' title='bbox 1959 2598 2183 2647; x_wconf 74' lang='lat' dir='ltr'><strong>relativum</strong></span> 
     </span>
     <span class='ocr_line' id='line_1_41' title="bbox 174 2659 2183 2769; baseline 0.001 -66"><span class='ocrx_word' id='word_1_453' title='bbox 174 2675 410 2769; x_wconf 55' lang='lat' dir='ltr'><strong>prongmen</strong></span> <span class='ocrx_word' id='word_1_454' title='bbox 443 2664 527 2710; x_wconf 88' lang='lat' dir='ltr'><strong>hoc</strong></span> <span class='ocrx_word' id='word_1_455' title='bbox 558 2663 685 2709; x_wconf 93' lang='lat' dir='ltr'><strong>modo</strong></span> <span class='ocrx_word' id='word_1_456' title='bbox 729 2663 937 2711; x_wconf 84' lang='lat' dir='ltr'><strong>collocari</strong></span> <span class='ocrx_word' id='word_1_457' title='bbox 970 2678 1129 2724; x_wconf 77' lang='lat' dir='ltr'><strong>posse,</strong></span> <span class='ocrx_word' id='word_1_458' title='bbox 1177 2665 1515 2713; x_wconf 87' lang='lat' dir='ltr'><strong>demonstrativo</strong></span> <span class='ocrx_word' id='word_1_459' title='bbox 1556 2665 1741 2717; x_wconf 69' lang='lat' dir='ltr'><strong>omisso,</strong></span> <span class='ocrx_word' id='word_1_460' title='bbox 1782 2661 2028 2710; x_wconf 84' lang='lat' dir='ltr'><strong>Priscianus</strong></span> <span class='ocrx_word' id='word_1_461' title='bbox 2068 2660 2114 2705; x_wconf 89' lang='lat' dir='ltr'><strong>T.</strong></span> <span class='ocrx_word' id='word_1_462' title='bbox 2145 2659 2183 2707; x_wconf 89' lang='lat'><strong>11</strong></span> 
     </span>
     <span class='ocr_line' id='line_1_42' title="bbox 176 2725 514 2781; baseline 0.006 -14"><span class='ocrx_word' id='word_1_463' title='bbox 176 2738 245 2781; x_wconf 86' lang='lat' dir='ltr'><strong>pg.</strong></span> <span class='ocrx_word' id='word_1_464' title='bbox 318 2726 344 2769; x_wconf 86' lang='lat'>5</span> <span class='ocrx_word' id='word_1_465' title='bbox 379 2725 514 2772; x_wconf 90' lang='lat' dir='ltr'><strong>docet.</strong></span> 
     </span>
    </p>

    <p class='ocr_par' dir='ltr' id='par_1_4' title="bbox 170 2786 2184 2911">
     <span class='ocr_line' id='line_1_43' title="bbox 360 2786 2184 2847; baseline -0.001 -16"><span class='ocrx_word' id='word_1_466' title='bbox 360 2786 479 2843; x_wconf 74' lang='lat' dir='ltr'><strong>Erqo</strong></span> <span class='ocrx_word' id='word_1_467' title='bbox 510 2789 581 2830; x_wconf 76' lang='lat' dir='ltr'><strong>ille</strong></span> <span class='ocrx_word' id='word_1_468' title='bbox 612 2790 740 2840; x_wconf 78' lang='lat' dir='ltr'><strong>civis,</strong></span> <span class='ocrx_word' id='word_1_469' title='bbox 775 2790 847 2846; x_wconf 85' lang='lat' dir='ltr'><strong>qui</strong></span> <span class='ocrx_word' id='word_1_470' title='bbox 879 2790 923 2831; x_wconf 81' lang='lat' dir='ltr'><strong>id</strong></span> <span class='ocrx_word' id='word_1_471' title='bbox 959 2791 1070 2845; x_wconf 75' lang='lat' dir='ltr'><strong>coqit</strong></span> <span class='ocrx_word' id='word_1_472' title='bbox 1113 2803 1253 2833; x_wconf 72' lang='lat' dir='ltr'><strong>omues</strong></span> <span class='ocrx_word' id='word_1_473' title='bbox 1292 2790 1465 2846; x_wconf 78' lang='lat' dir='ltr'><strong>imperio</strong></span> <span class='ocrx_word' id='word_1_474' title='bbox 1512 2789 1725 2847; x_wconf 71' lang='lat' dir='ltr'><strong>teqmnque</strong></span> <span class='ocrx_word' id='word_1_475' title='bbox 1768 2800 1933 2843; x_wconf 69' lang='lat' dir='ltr'><strong>poena,</strong></span> <span class='ocrx_word' id='word_1_476' title='bbox 1967 2786 2079 2844; x_wconf 82' lang='lat' dir='ltr'><strong>quod</strong></span> <span class='ocrx_word' id='word_1_477' title='bbox 2113 2787 2184 2827; x_wconf 59' lang='lat' dir='ltr'><strong>velt</strong></span> 
     </span>
     <span class='ocr_line' id='line_1_44' title="bbox 170 2848 2184 2911; baseline -0.002 -19"><span class='ocrx_word' id='word_1_478' title='bbox 170 2849 321 2905; x_wconf 76' lang='lat' dir='ltr'><strong>paucis</strong></span> <span class='ocrx_word' id='word_1_479' title='bbox 349 2851 608 2905; x_wconf 84' lang='lat' dir='ltr'><strong>persuadere</strong></span> <span class='ocrx_word' id='word_1_480' title='bbox 639 2852 834 2896; x_wconf 80' lang='lat' dir='ltr'><strong>oratione</strong></span> <span class='ocrx_word' id='word_1_481' title='bbox 860 2851 1097 2911; x_wconf 75' lang='lat' dir='ltr'><strong>philosophi</strong></span> <span class='ocrx_word' id='word_1_482' title='bbox 1115 2855 1310 2909; x_wconf 77' lang='lat' dir='ltr'><strong>possunt,</strong></span> <span class='ocrx_word' id='word_1_483' title='bbox 1343 2853 1470 2897; x_wconf 79' lang='lat' dir='ltr'><strong>etiam</strong></span> <span class='ocrx_word' id='word_1_484' title='bbox 1503 2850 1584 2905; x_wconf 81' lang='lat' dir='ltr'><strong>his,</strong></span> <span class='ocrx_word' id='word_1_485' title='bbox 1612 2851 1685 2908; x_wconf 82' lang='lat' dir='ltr'><strong>qui</strong></span> <span class='ocrx_word' id='word_1_486' title='bbox 1715 2849 1789 2896; x_wconf 67' lang='lat' dir='ltr'><strong>illa</strong></span> <span class='ocrx_word' id='word_1_487' title='bbox 1821 2848 2051 2904; x_wconf 75' lang='lat' dir='ltr'><strong>disputant,</strong></span> <span class='ocrx_word' id='word_1_488' title='bbox 2083 2848 2184 2904; x_wconf 75' lang='lat' dir='ltr'><strong>ipsis</strong></span> 
     </span>
    </p>
   </div>
   <div class='ocr_carea' id='block_1_3' title="bbox 447 2937 565 2943">
    <p class='ocr_par' dir='ltr' id='par_1_5' title="bbox 447 2937 565 2943">
     <span class='ocr_line' id='line_1_45' title="bbox 447 2937 565 2943; baseline 0 0"><span class='ocrx_word' id='word_1_489' title='bbox 447 2937 565 2943; x_wconf 95' lang='lat' dir='ltr'><strong> </strong></span> 
     </span>
    </p>
   </div>
   <div class='ocr_carea' id='block_1_4' title="bbox 222 2970 2184 3096">
    <p class='ocr_par' dir='ltr' id='par_1_6' title="bbox 222 2970 2184 3096">
     <span class='ocr_line' id='line_1_46' title="bbox 222 2970 2182 3019; baseline 0.005 -20"><span class='ocrx_word' id='word_1_490' title='bbox 222 2970 251 3004; x_wconf 84' lang='lat'><strong>1)</strong></span> <span class='ocrx_word' id='word_1_491' title='bbox 298 2971 591 3003; x_wconf 80' lang='lat' dir='ltr'><strong>Artaxerxen</strong></span> <span class='ocrx_word' id='word_1_492' title='bbox 617 2972 750 3005; x_wconf 87' lang='lat' dir='ltr'><strong>Them.</strong></span> <span class='ocrx_word' id='word_1_493' title='bbox 782 2985 814 3016; x_wconf 87' lang='lat'><strong>9,</strong></span> <span class='ocrx_word' id='word_1_494' title='bbox 847 2985 872 3005; x_wconf 87' lang='lat'><strong>1.</strong></span> <span class='ocrx_word' id='word_1_495' title='bbox 921 2974 1071 3005; x_wconf 77' lang='lat' dir='ltr'><strong>Datam.</strong></span> <span class='ocrx_word' id='word_1_496' title='bbox 1107 2983 1142 3013; x_wconf 85' lang='lat'><strong>1,</strong></span> <span class='ocrx_word' id='word_1_497' title='bbox 1174 2986 1208 3014; x_wconf 68' lang='grc' dir='ltr'><strong>ι,</strong></span> <span class='ocrx_word' id='word_1_498' title='bbox 1255 2977 1350 3019; x_wconf 82' lang='lat' dir='ltr'><strong>Ages</strong></span> <span class='ocrx_word' id='word_1_499' title='bbox 1381 2974 1427 3013; x_wconf 86' lang='lat'><strong>11,</strong></span> <span class='ocrx_word' id='word_1_500' title='bbox 1463 2985 1498 3009; x_wconf 76' lang='grc' dir='ltr'><strong>ις</strong></span> <span class='ocrx_word' id='word_1_501' title='bbox 1532 2974 1764 3004; x_wconf 76' lang='lat' dir='ltr'><strong>Datamen</strong></span> <span class='ocrx_word' id='word_1_502' title='bbox 1796 2971 1945 3001; x_wconf 80' lang='lat' dir='ltr'><strong>Datam.</strong></span> <span class='ocrx_word' id='word_1_503' title='bbox 1978 2975 2124 3017; x_wconf 68' lang='lat'><strong>82,139⁷</strong></span> <span class='ocrx_word' id='word_1_504' title='bbox 2152 2981 2182 3008; x_wconf 71' lang='lat'><strong>2,</strong></span> 
     </span>
     <span class='ocr_line' id='line_1_47' title="bbox 300 3011 2184 3059; baseline 0.003 -17"><span class='ocrx_word' id='word_1_505' title='bbox 300 3011 604 3059; x_wconf 63' lang='lat' dir='ltr'><strong>Susemetren</strong></span> <span class='ocrx_word' id='word_1_506' title='bbox 638 3015 826 3048; x_wconf 73' lang='lat' dir='ltr'><strong>Alcibiad.</strong></span> <span class='ocrx_word' id='word_1_507' title='bbox 872 3027 920 3054; x_wconf 88' lang='lat'><strong>10,</strong></span> <span class='ocrx_word' id='word_1_508' title='bbox 956 3028 986 3057; x_wconf 66' lang='grc' dir='ltr'><strong>ας.</strong></span> <span class='ocrx_word' id='word_1_509' title='bbox 1050 3019 1174 3059; x_wconf 81' lang='lat' dir='ltr'><strong>Atque</strong></span> <span class='ocrx_word' id='word_1_510' title='bbox 1213 3017 1304 3048; x_wconf 74' lang='lat' dir='ltr'><strong>haec</strong></span> <span class='ocrx_word' id='word_1_511' title='bbox 1339 3016 1494 3058; x_wconf 83' lang='lat' dir='ltr'><strong>quidem</strong></span> <span class='ocrx_word' id='word_1_512' title='bbox 1537 3016 1577 3046; x_wconf 85' lang='lat' dir='ltr'><strong>iu</strong></span> <span class='ocrx_word' id='word_1_513' title='bbox 1620 3014 1702 3045; x_wconf 84' lang='lat' dir='ltr'><strong>cod.</strong></span> <span class='ocrx_word' id='word_1_514' title='bbox 1741 3011 1915 3053; x_wconf 80' lang='lat' dir='ltr'><strong>Guelph;</strong></span> <span class='ocrx_word' id='word_1_515' title='bbox 1958 3012 2023 3042; x_wconf 63' lang='lat' dir='ltr'><strong>ahl</strong></span> <span class='ocrx_word' id='word_1_516' title='bbox 2059 3020 2184 3043; x_wconf 77' lang='lat' dir='ltr'><strong>autem</strong></span> 
     </span>
     <span class='ocr_line' id='line_1_48' title="bbox 303 3054 1138 3096; baseline 0.004 -10"><span class='ocrx_word' id='word_1_517' title='bbox 303 3054 398 3087; x_wconf 73' lang='lat' dir='ltr'><strong>libri</strong></span> <span class='ocrx_word' id='word_1_518' title='bbox 425 3055 513 3088; x_wconf 76' lang='lat' dir='ltr'><strong>aliis</strong></span> <span class='ocrx_word' id='word_1_519' title='bbox 539 3056 636 3090; x_wconf 86' lang='lat' dir='ltr'><strong>locis</strong></span> <span class='ocrx_word' id='word_1_520' title='bbox 664 3057 842 3096; x_wconf 67' lang='lat' dir='ltr'><strong>Seuthem</strong></span> <span class='ocrx_word' id='word_1_521' title='bbox 871 3058 1138 3092; x_wconf 77' lang='lat' dir='ltr'><strong>Tethrausten.</strong></span> 
     </span>
    </p>
   </div>
  </div>
 </body>
</html>
