2411 3275
2131 163 2185 208 11

185 277 326 320 locum
347 273 596 318 ⁴transferre
630 272 772 316 conati
806 275 919 315 sunt·
972 266 1051 311 Est
1091 267 1204 309 enim
1241 266 1344 311 illud
1383 267 1611 313 locutionis
1644 281 1808 325 genus,
1849 266 1902 310 de
1940 279 2025 324 quo
2061 265 2188 309 Mad-

184 336 330 395 vigius
356 334 430 380 'adr
451 333 539 379 Cic.
566 333 619 378 de
656 333 745 377 Fin.
781 328 1052 387 Exc..1.1pg.-
1081 325 1168 371 801
1212 333 1254 371 et
1290 328 1422 372 Hand.
1455 329 1506 373 ad
1551 329 1780 375 Tursellin.
1823 327 1872 372 T.
1908 327 1956 371 ΙΙ.
1992 341 2063 387 pg.
2096 328 2187 371 517

185 398 458 457 disputarunt.
526 396 650 450 Quod
679 407 793 442 vero
814 389 1102 437 -Heinrichius
1133 394 1202 447 „et
1233 391 1485 435 Miltiadem“
1519 392 1712 437 scribere
1746 391 1909 447 voluit,
1949 391 1992 435 id
2031 392 2189 435 rationi

184 461 422 505 sententiae
462 461 647 503 maxime
683 456 980 501 adversatur.›·
1010 450 1125 495 Nam*
1160 453 1345 510 scriptor
1375 467 1468 497 cum
1496 455 1689 500 homines
1725 460 1946 509 numerat,
1990 467 2099 512 quos
2132 452 2186 497 de

182 523 319 581 patria
346 523 508 581 optime
538 521 719 565 meritos
758 517 834 561 sui*
864 515 988 558 cives
1024 514 1211 571 pessime
1242 513 1485 572 habuerint,
1521 518 1698 575 primum
1724 516 1956 562 Miltiadem
1987 530 2186 560 comme-

182 580 341 640 morat,
372 578 845 631 tumThemistoclem,
891 576 961 618 oui
1000 575 1075 618 ille
1117 581 1255 619 aetate
1296 580 1535 621 antecessit.
1615 579 1703 623 Sed
1743 580 2021 638 supplicium,
2070 578 2186 636 quod

183 648 389 705 sumptum
420 646 475 691 de
500 641 688 689 Miltiade
722 645 804 696 est,
833 638 967 696 longe
1002 636 1218 684 crudelius
1253 638 1385 683 exilio
1419 638 1712 687 Themistoclis
1746 641 1834 686 fuit.
1865 641 1974 701 Nep.
2002 640 2104 687 Milt.
2140 642 2183 696 7,

182 708 213 752 8
248 706 525 761 Themistsss,
560 704 632 748 10.
693 701 788 745 Nec
821 700 948 745 aliter
983 700 1036 744 de
1079 702 1299 759 utriusque
1329 701 1563 746 calamitate
1599 705 1733 761 ipsum
1764 706 1957 749 sensisse
1991 703 2183 748 Cicero-

181 784 306 826 nem,
324 770 395 815 hic
428 768 552 813 locus
585 764 789 810 declarat.
852 761 984 822 Atqui
1017 762 1238 822 particulis
1272 768 1435 808 et-——et
1468 768 1700 811 sententiae
1729 781 1816 812 non
1846 770 2181 824 conjunguntur,

181 833 262 877 nisi
275 844 351 876 'ex
378 835 524 888 'aequo
556 829 614 872 ita
646 831 751 872 sunt*
777 826 960 886 positae,
992 831 1038 870 ut
1064 827 1257 885 priorem
1292 827 1509 886 posterior
1545 829 1688 873 vincat
1718 831 1940 888 gravitate.
1990 829 2180 874 Sturen-

180 895 305 951 burg.v
334 893 398 937 ad.
430 891 520 935 Cic.
552 905 594 949 p.
624 889 758 933 Arch.
791 904 862 948 pg.
895 888 971 944 26,
1006 888 1067 933 de‘
1094 888 1170 933 Off.
1202 903 1273 947 pg.
1308 888 1409 933 140.

363 954 603 1013 principum
633 952 795 996 caedes.
859 950 1126 996 Nonsolum
1160 951 1354 996 insolens
1372 950 1540 995 dicendi
1570 966 1721 1010 genus,
1754 969 1836 1013 quo
1868 954 1977 999 haec
2006 956 2179 999 nomina

180 1020 224 1061 in
270 1017 522 1061 sententiam
573 1014 739 1058 inclusa
783 1020 904 1070 sunt,
956 1016 1078 1070 quus
1116 1013 1306 1072 partibus
1344 1013 1459 1057 nulla
1502 1028 1615 1058 voce
1652 1019 1983 1073 conjunguntur,
2020 1031 2180 1061 verum

180 1081 274 1138 ipsa
313 1079 440 1123 etiam
476 1078 546 1122 vis
588 1078 795 1125 orationis
834 1083 959 1135 atque
1001 1077 1266 1136 perpetuitas
1307 1076 1497 1134 glossam
1534 1076 1602 1120 hic
1640 1092 1736 1122 esse
1775 1079 1910 1123 docet.
1985 1079 2092 1124 Nam
2132 1079 2178 1124 C.

179 1140 374 1195 Marium,
408 1140 548 1182 virum
578 1139 750 1182 militari
778 1139 921 1196 gloria
950 1140 1180 1195 insignem,
1213 1138 1497 1182 vehementer
1530 1138 1726 1182 admirari
1757 1139 1910 1184 Cicero
1945 1141 2073 1196 solet,
2109 1144 2180 1200 qui

181 1216 279 1246 eum
324 1208 394 1246 aut
443 1201 615 1246 summis
665 1199 860 1246 laudibus
909 1200 1019 1245 tollit
1059 1207 1130 1245 aut
1165 1202 1291 1245 tantis
1328 1207 1447 1245 certe
1483 1199 1726 1259 opprobriis
1760 1217 1849 1246 non
1887 1206 2178 1262 prosequitur,

181 1264 346 1323 quantis
378 1264 613 1308 immanitas
648 1265 744 1320 eius
767 1262 1033 1322 reprehendi
1064 1269 1228 1323 potest,
1270 1264 1369 1308 sive
1405 1264 1548 1308 civem
1584 1276 1702 1307 suum
1741 1264 1825 1308 coli
1856 1266 2007 1324 cupide
2041 1266 2180 1311 voluit

181 1329 277 1371 sive
297 1326 604 1373 immortalium
638 1325 789 1370 famam
808 1326 1036 1382 hominum,
1071 1327 1142 1385 qui
1171 1325 1284 1369 diem
1312 1339 1555 1385 supremum
1585 1325 1787 1382 obissent,
1820 1334 1863 1371 ut
1894 1335 1958 1372 est
1977 1343 2014 1387 p.
2032 1328 2178 1373 Rabir.

180 1388 255 1444 10,
286 1387 362 1444 31,
396 1395 545 1433 contra
577 1389 860 1446 malignorum
894 1388 1098 1433 invidiam
1123 1390 1282 1448 optimo
1315 1390 1469 1447 cuique
1501 1390 1590 1433 civi
1625 1388 1928 1434 defendendam
1959 1406 2057 1435 esse
2090 1406 2178 1449 pu-

180 1452 299 1496 tavit.
340 1450 486 1510 Itaque
520 1465 617 1495 eum
643 1464 732 1495 non
766 1451 904 1495 solum
928 1451 1136 1509 singulari
1168 1450 1410 1496 celebravit
1442 1453 1647 1506 carmine,
1677 1464 1827 1495 verum
1860 1455 1982 1496 etiam
2014 1460 2178 1512 patrem

178 1515 342 1574 patriae
369 1520 413 1559 et
445 1521 668 1573 parentem
699 1513 907 1559 libertatis
940 1528 1000 1575 ac,
1011 1515 1077 1558 rei
1105 1513 1303 1574 publicae
1324 1520 1561 1573 nuncupat,
1584 1528 1622 1573 p.
1643 1513 1785 1558 Rabir.
1819 1515 1890 1570 10,
1912 1515 1985 1571 27,
2004 1523 2045 1560 et
2063 1531 2174 1561 vero

179 1578 320 1619 virum
355 1579 480 1620 etiam
514 1577 636 1631 dicit,
681 1579 749 1619 cui
791 1589 918 1619 nemo
951 1578 1165 1633 gravitate
1209 1576 1435 1619 antecedat
1475 1582 1545 1619 aut
1583 1578 1817 1619 constantia
1857 1584 1925 1619 aut
1955 1579 2176 1634 prudentia

179 1642 249 1683 aut
280 1638 496 1696 religione
533 1644 603 1683 aut
636 1639 847 1697 aequitate
878 1644 948 1683 aut
979 1638 1067 1683 ullo
1102 1638 1287 1698 denique
1318 1651 1486 1696 genere
1518 1639 1740 1694 virtutum,
1779 1653 1816 1697 p.
1851 1638 1966 1683 Balh.
1998 1638 2071 1695 20,
2104 1640 2173 1685 46.

178 1700 311 1757 CuJus
344 1703 432 1745 vim
467 1707 591 1759 atque
629 1701 937 1757 crudelitatem,
975 1715 1056 1759 qua
1085 1701 1227 1757 exsul,
1264 1701 1431 1745 domum
1455 1708 1704 1755 revocatus,
1737 1707 1924 1744 atrocem
1955 1701 2175 1746 nobilissi-

178 1775 343 1806 morum
379 1764 537 1807 civium
568 1763 673 1807 fecit
702 1777 753 1807 ac
786 1770 1033 1807 senatorum
1066 1763 1422 1822 amplissimorum
1456 1769 1658 1820 stragem,
1689 1769 1772 1806 tum
1802 1765 1858 1807 ita
1888 1764 2173 1821 reprehendit,

179 1832 222 1869 ut
254 1830 490 1870 extremam
523 1827 649 1871 vitae>
673 1826 894 1884 gloriosae
921 1829 1091 1886 'partem
1127 1832 1239 1871 tanta
1276 1826 1524 1870 iracundiae
1559 1825 1785 1870 vi—inde
1825 1828 1936 1870 enim
1968 1826 2008 1870 id
2041 1833 2173 1871 ortum

178 1901 278 1931 esse
315 1887 490 1947 Philipp.
523 1888 598 1944 XI,
631 1888 674 1944 1,
707 1888 745 1932 1.
781 1890 1382 1947 opinatur—contaminatam
1421 1888 1673 1944 contendat,
1723 1888 1945 1931 Tusculan.
1977 1888 2092 1947 Disp.
2121 1889 2172 1945 V,

178 1950 250 2007 19,
284 1950 360 2007 86,
392 1958 476 1996 tum
509 1951 739 1997 artificiose
772 1951 1020 2007 dissimulat,
1053 1958 1231 1996 auctore
1249 1952 1479 1997 miserrimi
1497 1951 1729 2011 spectaculi
1761 1965 1846 1995 non
1870 1951 1984 1995 clare
2018 1952 2171 2010 appel-

173 2014 270 2057 lato.
324 2013 377 2058 de
416 2012 530 2057 Orat.
562 2014 644 2070 111,
663 2013 714 2070 2,
740 2014 781 2058 8.
824 2014 920 2058 Non
956 2015 1061 2057 vidit
1094 2014 1277 2058 Crassus
1316 2017 1567 2073 fiagrantem
1600 2014 1704 2057 bello
1740 2014 1923 2067 Italiam,
1967 2028 2049 2057 non
2090 2029 2173 2057 ar-

172 2078 334 2120 dentem
358 2078 519 2120 invidia
535 2081 742 2131 senatum,
763 2091 846 2120 non
878 2078 1051 2121 sceleris
1065 2079 1223 2133 nefarii
1236 2079 1451 2134 principes
1467 2080 1652 2120 civitatis
1671 2091 1781 2129 reos,
1812 2090 1894 2119 non
1912 2077 2062 2119 luctum
2079 2078 2172 2132 filii,

173 2150 255 2181 non
285 2139 457 2182 exilium
483 2141 637 2196 yemis,
661 2144 744 2183 non
777 2138 1090 2183 acer-bissinum
1113 2138 1159 2182 G.
1180 2139 1310 2182 Marii
1337 2140 1498 2195 fuqam,
1529 2153 1611 2182 non
1637 2139 1748 2181 illam
1758 2142 1857 2194 post
1877 2139 2051 2181 reditum
2080 2142 2172 2194 ejice

173 2202 341 2245 caedem
359 2203 537 2245 omnium
559 2202 899 2245 crudelissimam.
935 2200 1087 2245 Odium
1103 2215 1215 2246 vero
1237 2215 1493 2247 summorum
1514 2201 1719 2255 ordinum,
1745 2214 1919 2257 quorum
1935 2202 2174 2245 auctoritati

175 2264 268 2321 ipse
286 2261 446 2307 Cicero
462 2262 685 2322 plurimum
701 2262 893 2318 favebat,
928 2264 1106 2307 intanto
1125 2262 1296 2307 homine
1314 2263 1465 2319 fuisse,
1500 2264 1615 2307 nullo
1634 2263 1730 2306 loco
1759 2261 1921 2304 indicat.
1966 2261 2171 2306 Nimirum

173 2325 262 2369 hoc·
273 2325 412 2370 studio
429 2326 770 2384 tranquillitatem
787 2327 971 2371 civitatis
991 2325 1277 2385 perturbatam
1296 2340 1347 2371 ac
1370 2325 1580 2385 publicam
1599 2325 1771 2370 salutem
1796 2326 1836 2367 in
1857 2337 2057 2368 summum
2077 2325 2173 2369 dis-

173 2388 337 2430 crimen
368 2388 584 2430 adductam
605 2402 703 2431 esse
729 2390 1031 2432 concessisset.
1073 2388 1119 2431 ld
1137 2402 1249 2431 vero
1269 2390 1403 2445 ipsum
1423 2388 1520 2431 huic
1536 2387 1756 2430 manifesto
1777 2386 1964 2428 dedisset
1990 2389 2173 2441 crimini,

174 2449 209 2492 si
237 2447 468 2494 addidisset
485 2445 542 2505 id,
577 2449 689 2509 quod
707 2449 905 2508 legimus,
930 2451 1168 2509 principum
1195 2451 1357 2495 caedes.
1418 2448 1756 2508 Quotusquisque
1786 2448 1896 2491 enim
1925 2446 2059 2493 fuisse
2096 2450 2173 2493 vi-

174 2510 313 2570 detur,
346 2514 446 2569 quin
477 2512 584 2555 haec
617 2513 771 2568 legens
805 2519 847 2555 et
882 2515 975 2567 ejus
1008 2515 1073 2555 rei
1107 2512 1246 2556 subito
1281 2515 1564 2566 meminisset,
1597 2512 1648 2553 de
1684 2525 1763 2566 qua
1798 2524 1944 2553 omnes
1978 2511 2173 2554 historici

173 2575 459 2628 consentiunt,
496 2580 722 2618 senatores
753 2580 838 2618 tum
872 2576 1056 2618 maxime
1089 2574 1322 2619 trucidatos
1357 2588 1456 2619 esse
1493 2588 1542 2617 ac
1573 2572 1788 2632 principes
1811 2570 1925 2625 (Liv.
1947 2570 2057 2630 Epit.
2089 2572 2174 2626 803

172 2633 326 2691 Vellej.
360 2635 525 2680 Patere.
567 2636 619 2689 11,
653 2635 736 2690 223
771 2636 927 2681 Florus
962 2636 1043 2692 III,
1076 2636 1160 2693 21,
1195 2636 1277 2691 133
1305 2636 1478 2694 Eutrop.
1511 2636 1564 2691 V,
1604 2636 1656 2688 ῖς
1699 2633 1837 2676 Aurel
1866 2632 1974 2677 Vict.
2007 2635 2083 2689 67,
2121 2636 2174 2692 6)

173 2710 313 2754 neque
367 2698 482 2741 illam
521 2698 696 2742 caedem
746 2714 769 2742 a
810 2699 949 2742 multis
996 2706 1160 2742 temere
1195 2698 1371 2754 factam,
1415 2699 1508 2741 aliis
1547 2698 1626 2740 alia
1666 2696 1843 2738 consilia
1879 2697 2174 2754 sequentibus,

173 2758 248 2801 sed
306 2761 430 2803 unius
494 2760 569 2805 vel
622 2774 856 2820 paucorum
907 2762 1089 2820 imperio
1145 2767 1429 2820 perpetratam
1486 2761 1683 2813 sentiret,
1748 2758 1817 2814 qui
1865 2761 2175 2816 potentissimis

173 2820 341 2866 civibus
382 2822 643 2869 trucidandis
695 2829 738 2869 et
782 2822 1036 2869 dominatum
1091 2822 1345 2869 confirmare
1399 2829 1440 2867 et
1477 2820 1721 2866 iracundiae
1773 2820 2027 2867 satisfacere
2085 2837 2175 2868 vo-

172 2881 374 2938 luissent,
416 2898 539 2943 quam
570 2893 796 2930 senatores
836 2886 981 2945 paullo
1026 2893 1124 2930 ante
1157 2887 1437 2929 vehementer
1473 2883 1835 2927 commovissent?
1870 2883 2030 2928 Omnes
2062 2900 2174 2929 vero

172 2941 366 3001 Marium,-
399 2953 443 2990 ut
473 2953 614 2992 tantae
646 2962 767 2993 reum
801 2948 969 3008 culpae,
1004 2950 1067 2993 sic
1101 2949 1354 2993 acerrimum
1379 2945 1584 2991 haberent
1614 2942 1845 2990 nobilitatis
1877 2945 2176 2992 adversarium

173 3018 382 3050 necesse·
403 3007 502 3065 fuit,
554 3010 955 3068 qui'perni'ciosam
1000 3010 1225 3055 illustrium
1268 3010 1459 3054 ordinum
1502 3008 1822 3053 contentionem
1860 3008 2176 3068 inflammasset,

171 3079 375 3122 quarem
411 3070 624 3126 publicam
659 3085 925 3130 magnopere
959 3071 1210 3124 labefactam
1249 3074 1341 3129 ipse
1376 3069 1532 3113 Cicero
1566 3070 1733 3162 vidit.2*
1767 3069 2078 3116 Gravissimum
2112 3081 2180 3118 est
