2411 3275
162 168 198 211 3

167 270 309 316 seculi
341 268 501 312 novari
531 273 728 325 coeptum
761 279 847 308 non
880 267 1013 320 est.¹)
1039 263 1256 324 Exempla
1297 270 1411 314 enim
1450 268 1572 327 apud
1597 270 1820 328 principes
1849 272 1968 326 ,iuris
2001 270 2186 317 consul-

169 339 325 386 torum,
356 328 634 389 Papinianum
677 327 865 384 (Digest.
901 324 945 369 L.
981 325 1038 380 X,
1072 324 1152 373 Tit.
1184 327 1238 384 2,
1272 327 1348 385 35,
1380 329 1424 375 L.
1452 329 1534 386 IV,
1573 329 1652 376 Tit.
1677 331 1723 387 5,
1756 331 1827 387 9),
1848 331 2025 379 Paulum
2057 329 2184 389 (ibid.

168 394 213 439 L.
243 392 336 438 XII.
370 391 420 437 T.
455 390 529 447 111,
563 389 669 446 25),
706 388 930 446 Ulpianum
975 387 1102 446 [Ibid.
1148 388 1193 435 L.
1235 389 1266 435 1.
1299 391 1379 437 Tit.
1422 391 1505 449 13,
1549 391 1601 449 2,
1633 391 1676 436 L.
1707 392 1771 448 V,
1807 393 1888 438 Tit.
1923 393 1977 450 3,
2017 393 2099 450 25,
2125 395 2185 451 5)

169 461 416 516 suppetunt,
447 466 573 498 unum
607 450 732 494 habet
763 447 908 494 Schol.
940 450 1046 505 Bob.
1076 451 1130 495 ad
1162 451 1279 498 Orat.
1298 456 1356 504 ,in
1384 455 1521 500 Vatin.
1563 468 1635 514 pg.
1671 452 1780 510 323,
1816 455 1886 500 14.
1921 458 2080 514 „ipsius
2111 461 2185 499 et-

167 522 280 564 enim
329 517 483 564 Vatinii
518 515 620 570 leqe,
653 526 780 571 quam
814 513 974 557 tulerat
1005 515 1050 558 in
1087 513 1329 571 tribunatu,
1367 531 1452 562 non
1491 519 1600 562 eatis
1628 521 1776 576 aperte
1817 532 1949 577 neque
1970 519 2185 568 ,distincte

169 579 447 641 apparebat.“
493 574 652 630 Quibus
677 573 848 633 quidem
877 575 1094 635 exemplis
1128 576 1239 622 dicta
1266 579 1589 625 scholiastarum
1607 594 1705 627 ,non
1737 594 1873 639 pauca
1906 579 2004 624 addi
2035 593 2183 639 posse,

172 642 394 690 contendit
419 638 548 686 Hand.
585 636 637 683 ad
678 636 911 683 Tursellin.
948 637 997 683 T.
1028 637 1083 695 ΙΙ,
1123 654 1193 702 pg.
1232 640 1335 686 545.
1386 639 1497 687 -Sed
1536 644 1729 702 quamvis
1769 657 1865 688 cum
1905 642 1988 688 alia
2024 643 2183 701 scripta

171 717 492 766 percurrerem,
522 707 606 744 tum
638 699 805 744 scholia
847 698 1019 746 Pseudo
1033 701 1238 747 -Asconi
1276 710 1320 748 et
1356 702 1554 749 Gronovi
1598 705 1792 763 legerem
1831 719 1914 750 nec
1952 704 2183 749 Bobiensia

172 770 413 812 omitterem
453 776 535 806 nec
575 774 688 805 vero
724 762 820 817 illa,
850 776 972 821 ,quae
1014 762 1238 820 Suringar.
1273 779 1335 809 ex
1371 764 1574 811 Leidensi
1612 767 1724 812 libro
1761 766 1906 823 edidit,
1944 766 2048 810 Hist.
2080 764 2182 809 Crit.

174 829 320 874 Schol.
357 827 388 870 P
419 824 447 868 Ι.
479 837 548 882 pg.
581 821 702 877 2134
734 829 876 868 tamen
911 824 1015 868 nihil
1046 826 1213 881 inveni,
1246 839 1330 884 quo
1364 825 1600 872 verborum
1637 828 1847 884 ordinem,
1879 831 1924 873 in
1955 827 2182 873 Ciceronis

172 896 419 937 contextum
452 898 684 946 perperam
715 883 890 941 illatum,
920 887 1017 930 sive
1054 886 1296 932 scholiastis
1315 889 1606 933 recentiorum
1637 894 1876 950 temporum
1910 890 2184 935 demonstra-

175 969 268 998 rem
302 955 394 995 sive
425 949 713 1004 grammaticis
746 949 804 990 ita
837 948 1070 1005 placuisse,
1104 954 1149 991 ut
1184 963 1280 992 eum
1307 952 1531 1007 ceteroqui
1565 953 1752 1006 vestigia
1768 952 1950 995 hominis
1968 953 2185 1009 eloquem-

174 1015 324 1062 tissimi
372 1010 602 1069 diligenter
653 1014 996 1070 persequentes,
1042 1010 1188 1055 imitati
1236 1008 1501 1056 viderentur.
1545 1062 1551 1067 ,
1583 1009 1707 1066 Quod
1751 1013 1795 1057 ei
1838 1012 1952 1058 bene
1989 1012 2186 1061 animad-

176 1076 426 1122 x‘rertendum
460 1079 542 1127 est,
576 1074 648 1130 qui
681 1072 764 1119 hoc
795 1072 992 1115 mendum
1025 1072 1077 1115 al)
1111 1073 1388 1116 emendatore
1424 1080 1545 1124 recte
1587 1074 1795 1119 sublatum
1835 1072 1936 1119 esse
1970 1077 2158 1119 miratur.

359 1149 467 1195 quae
504 1136 564 1180 sit
601 1135 898 1193 anteponenda
933 1133 1037 1179 bene
1074 1136 1333 1179 constitutae
1370 1135 1536 1181 civitati
1569 1135 1738 1195 publico
1766 1139 1871 1194 Jare
1910 1140 1953 1182 et
1990 1137 2183 1183 moribus.

176 1203 292 1248 Haec
323 1200 534 1257 scriptura
569 1203 636 1242 est
668 1199 831 1257 primae
862 1209 1035 1252 manuS,
1066 1210 1175 1255 quae
1208 1199 1309 1256 quin
1340 1197 1466 1257 plane
1498 1198 1720 1257 probanda
1754 1200 1830 1255 sit,
1872 1198 2064 1243 dubitare
2096 1213 2185 1243 non

175 1267 284 1310 licet.
345 1261 537 1318 Namque
568 1259 719 1305 urbem
750 1260 821 1317 qui
864 1258 1031 1314 condit,
1065 1261 1102 1304 is
1136 1261 1315 1318 proprie
1360 1262 1624 1306 constituere
1657 1262 1963 1318 (συνίστασθαι
1996 1261 2098 1309 Plat.
2130 1262 2184 1307 de

176 1327 305 1384 Legg.
336 1338 405 1384 pg.
438 1320 543 1367 702.
576 1322 640 1380 1))
674 1321 850 1378 dicitur,
893 1319 981 1365 Cic.
1026 1320 1079 1365 de
1119 1321 1275 1366 Invent
1308 1321 1342 1378 I,
1374 1322 1419 1379 1,
1454 1322 1495 1367 3.
1527 1325 1571 1367 in
1607 1322 1727 1368 Catil.
1761 1323 1795 1380 I,
1831 1323 1906 1380 13,
1935 1323 2006 1369 33.
2080 1323 2185 1379 Item

175 1391 386 1433 civitatem
419 1387 653 1440 constituit,
684 1386 754 1443 qui
786 1383 1055 1427 fundamenta
1095 1386 1215 1442 ponit
1258 1385 1401 1440 urhis,
1440 1400 1565 1444 quam
1604 1387 1729 1430 cives
1771 1387 1976 1442 incolant,
2016 1386 2069 1433 do
2108 1386 2185 1431 off.

174 1452 224 1507 II,
255 1449 328 1506 21,
362 1447 432 1493 73.
499 1445 606 1492 Cum
640 1461 752 1492 vero
787 1461 838 1491 ea
875 1448 928 1491 sit
956 1447 1141 1492 civitatis
1174 1452 1349 1504 natura,
1376 1454 1420 1493 ut
1452 1447 1724 1493 fundamenta
1755 1448 1898 1506 legum
1930 1448 2098 1506 habeat,
2131 1448 2184 1493 de

174 1514 303 1571 Legg.
334 1511 407 1566 ΙΙΙ,
442 1510 486 1565 1,
523 1509 568 1565 3,
599 1525 637 1569 p.
671 1508 835 1552 Cluent
872 1508 955 1564 53,
993 1509 1099 1564 146,
1129 1523 1212 1552 nec
1242 1510 1353 1553 ullus
1386 1511 1599 1554 hominum
1633 1518 1783 1554 coetus
1815 1513 1953 1569 possit
1982 1511 2066 1555 hoc
2099 1525 2186 1554 no·-

173 1579 282 1620 mine
323 1580 443 1618 recte
477 1572 713 1631 appellari,
756 1573 838 1615 nisi
872 1573 971 1627 jure
1016 1573 1069 1615 sit
1109 1573 1321 1627 sociatus,
1359 1571 1502 1617 Somn.
1538 1572 1652 1631 Scip.
1688 1572 1736 1628 3,
1781 1573 1834 1618 de
1872 1573 1978 1632 Rep.
2021 1573 2058 1629 l,
2101 1573 2186 1626 25,

178 1639 390 1682 civitatem
422 1648 511 1683 non
544 1633 672 1678 modo
708 1635 780 1692 qui
820 1632 950 1677 urbes
1002 1633 1308 1689 condiderunt,
1350 1649 1503 1680 verum
1548 1635 1608 1679 illi
1648 1637 1774 1679 etiam
1811 1637 2084 1683 constituisse
2115 1635 2187 1679 di-

177 1706 348 1752 cuntur,
391 1698 461 1754 qui
501 1703 706 1739 auctores
749 1696 822 1737 vel
863 1696 1007 1750 legum
1049 1695 1123 1737 vel
1165 1697 1296 1740 moris
1339 1698 1583 1741 extiterunt.
1659 1696 1782 1748 Quod
1821 1703 1959 1739 autem
2002 1696 2074 1739 illa
2119 1699 2186 1739 vis

176 1760 300 1808 verbi
328 1760 504 1818 propria
536 1758 661 1805 latius
692 1762 822 1816 patet,
858 1756 964 1802 haec
981 1758 1180 1802 restricta
1204 1759 1435 1816 perspicue
1456 1757 1639 1816 intelligi
1662 1772 1747 1805 non
1769 1765 1927 1818 potest,
1959 1759 2040 1805 nisi
2063 1757 2187 1817 leges

176 1830 217 1867 et
249 1824 429 1871 instituta
463 1825 879 1873 commemorantur,
923 1833 1031 1877 quae
1065 1821 1158 1876 quis
1192 1822 1355 1875 sanxit,
1396 1827 1466 1865 aut
1505 1827 1591 1863 tota
1634 1823 1871 1864 sententiae
1911 1823 1980 1865 vis
2015 1821 2187 1874 indicat,

177 1886 229 1928 de
263 1885 403 1939 legum
435 1883 595 1926 latione
630 1896 768 1938 aeque
805 1896 855 1924 ac
895 1881 948 1924 de
988 1881 1271 1924 fundamentis
1310 1897 1409 1925 esse
1451 1882 1733 1937 cogitandum.
1802 1883 1856 1926 Ut
1889 1884 1933 1925 in
1967 1882 2032 1925 his
2065 1882 2185 1925 libris

176 1946 227 1997 ll,
264 1945 285 1991 1
322 1944 399 2001 Qui
433 1959 555 1990 suam
571 1945 750 2004 quisque
779 1956 865 1987 rem
877 1942 1090 2002 publicam
1113 1944 1400 1989 constituisset
1431 1943 1589 2002 leqibas
1624 1948 1753 2003 atque
1773 1946 1978 1989 institutis
1994 1945 2093 1988 suis.
2126 1942 2186 1989 38

181 2011 268 2053 Nec
300 2014 435 2052 tamen
467 2010 595 2051 didici
621 2022 678 2050 ex
708 2009 901 2051 oratione
932 2011 1008 2049 tua
1036 2010 1162 2049 islam
1191 2009 1326 2063 ipsam
1356 2022 1444 2050 rem
1466 2008 1699 2064 publicam,
1731 2023 1855 2065 qaam
1886 2009 2038 2051 laudas
2048 2041 2062 2061 ,
2103 2022 2187 2064 qua

176 2072 412 2129 disciplina,
449 2070 596 2128 quibas
628 2068 811 2117 moribus
843 2073 920 2112 aut
954 2068 1112 2126 leqibne
1143 2072 1400 2113 constituere
1432 2070 1500 2113 vel
1530 2083 1786 2114 conservare
1807 2072 2028 2127 possimus.
2064 2068 2186 2122 Quod

178 2139 288 2178 vero
322 2135 407 2183 vim
439 2133 559 2189 hujus
599 2131 727 2176 verbi
765 2132 838 2174 vel
880 2133 1013 2189 ipsius
1054 2133 1219 2181 ratione
1261 2134 1498 2177 sententiae
1540 2132 1614 2174 vel
1657 2134 1938 2190 perpetuitate
1979 2133 2185 2174 orationis

179 2210 474 2252 nonnunquam
507 2196 748 2238 accuratius
782 2193 947 2236 definiri
984 2194 1191 2247 diximus,
1230 2194 1272 2237 id
1305 2197 1345 2237 in
1381 2194 1621 2238 Menedemi
1655 2194 1841 2238 rhetoris
1874 2194 2028 2238 dictum
2061 2193 2186 2248 cadit,

178 2258 250 2318 qui
284 2270 346 2316 ap.
365 2255 451 2300 Cic.
481 2256 532 2303 de
561 2255 684 2306 Orat,
708 2254 741 2310 l,
774 2254 846 2310 19,
879 2255 938 2299 85
974 2254 1214 2310 contendit,
1252 2269 1371 2313 „esse
1402 2257 1611 2314 quandam
1632 2257 1912 2314 prudentiam,
1946 2268 2053 2313 qaae
2083 2269 2186 2298 ver-

176 2325 347 2363 saretur
378 2322 420 2362 in
446 2320 749 2376 perspiciendis
782 2318 1018 2362 rationibus
1062 2320 1448 2365 constituendarum
1486 2324 1527 2362 et
1566 2321 1842 2374 reyendarum
1876 2333 2016 2362 rerum
2041 2318 2187 2374 publi-

176 2381 359 2427 aarumff
424 2380 543 2435 Quod
578 2382 675 2440 quia
708 2385 860 2430 contra
890 2380 1170 2440 philosophos
1208 2379 1411 2439 disputat,
1455 2380 1630 2425 civilem
1666 2379 1901 2425 doctrinam
1940 2379 2020 2424 sibi
2060 2381 2185 2424 unice

177 2444 329 2495 deberi
362 2444 631 2497 affirmantes,
665 2444 773 2486 hanc
808 2450 941 2486 artem
977 2444 1374 2499 omnemintelligit,
1408 2458 1489 2500 qua
1520 2446 1628 2487 ratio
1659 2458 1746 2487 non
1777 2444 1914 2487 solum
1948 2442 2185 2486 fundandae

176 2521 227 2551 ac
263 2505 497 2563 regendae,
527 2520 676 2550 verum
710 2504 993 2554 instituendae
1040 2507 1166 2549 etiam
1208 2506 1273 2549 rei
1312 2504 1509 2564 publicae
1548 2504 1935 2565 comprehenditur.
1997 2503 2187 2549 Eandem

175 2569 443 2626 disciplinam
475 2569 669 2625 intelligit
701 2568 919 2612 Scaevola
954 2569 979 2614 l.
1014 2569 1038 2612 l.
1073 2568 1107 2623 Ι,
1139 2568 1182 2623 9,
1216 2568 1293 2622 35,
1329 2570 1399 2626 qui
1441 2582 1529 2611 non
1571 2570 1743 2612 omnino
1777 2568 1927 2612 laudes
1959 2568 2186 2621 hominum,

178 2644 288 2691 quae
331 2644 409 2675 usu
448 2644 590 2674 rerum
629 2630 819 2675 civilium
860 2636 1186 2690 comparentur,
1222 2632 1264 2674 in
1305 2636 1504 2674 oratores
1545 2644 1645 2674 esse
1684 2629 2006 2674 transferendas
2039 2630 2186 2674 docet:

174 2695 253 2736 sed
282 2694 358 2735 illa
393 2694 489 2744 duo,
518 2693 692 2745 Crasse,
727 2707 900 2745 vereor,
933 2699 979 2736 at
1010 2694 1085 2735 tibi
1105 2697 1265 2748 possim
1285 2695 1536 2745 concedere,
1571 2708 1698 2735 anam
1726 2695 1835 2748 quod
1864 2696 1918 2735 ab
1948 2692 2188 2736 oratoribus

175 2756 373 2799 civitates
405 2757 447 2798 et
480 2755 597 2798 initio
620 2756 872 2810 constitutas
903 2758 944 2799 et
967 2769 1096 2813 saepe
1126 2758 1403 2799 conservatas
1431 2767 1526 2798 esse
1556 2755 1727 2798 dixisti.
1748 2753 1875 2798 ...36
1892 2757 2057 2811 „..aut
2088 2765 2188 2796 vero

173 2819 361 2876 reliquas
383 2817 588 2859 utilitates
605 2820 679 2858 aut
698 2820 740 2859 in
749 2819 1049 2860 constituendis
1068 2821 1144 2863 aut
1163 2820 1206 2861 in
1224 2819 1525 2860 conservandis
1536 2818 1776 2860 civitatibus
1791 2831 1874 2860 non
1887 2831 1916 2859 a
1930 2816 2188 2873 sapientibus

171 2886 215 2928 et
240 2879 427 2937 fortibus
441 2880 562 2931 viris,
591 2879 665 2921 sed
690 2893 718 2922 a
749 2881 918 2923 disertis
933 2884 975 2924 et
1005 2884 1155 2924 ornate
1183 2880 1413 2929 dicentibus
1433 2893 1526 2923 ess-e
1549 2880 1839 2923 constitutas.‘⁶
1881 2878 2014 2930 Quam
2048 2879 2188 2934 signi-

232 3006 260 3043 2)
307 3004 449 3035 Eodem
476 3003 563 3034 loco
592 3001 831 3075 frquuentius
858 3015 1059 3046 namque
1083 3005 1300 3047 (Angustia.
1330 3004 1374 3036 de
1397 3005 1477 3036 Civ.
1507 3005 1579 3037 Dei
1601 3006 1629 3041 I,
1660 3017 1688 3043 1,
1717 3005 1810 3043 XIV,
1839 3015 1878 3045 9;
1899 3001 2030 3035 Boeth.
2053 3001 2186 3034 inCic.

305 3048 403 3088 Top.
431 3057 490 3088 ap.
516 3045 637 3077 Orell.
702 3068 708 3075 .
738 3047 780 3083 V,
809 3056 866 3087 pg.
899 3057 970 3087 271,
1003 3057 1049 3086 15,
1078 3057 1136 3088 pg.
1165 3058 1237 3089 370.
1273 3049 1325 3084 163
1352 3047 1478 3078 Schol.
1503 3047 1547 3077 nd
1571 3049 1700 3078 Juven.
1731 3047 1799 3083 ΙΙΙ,
1832 3047 1910 3086 526,
1944 3045 2068 3076 Schol.
2096 3045 2185 3074 Bob.

303 3090 347 3121 ad
364 3089 472 3127 Orat.
496 3100 530 3131 p.
551 3087 681 3124 Plane.
703 3088 755 3127 26,
781 3098 812 3127 2,
841 3098 891 3130 37.
921 3090 967 3128 2),
989 3090 1111 3121 rarius
1136 3101 1156 3121 n
1171 3101 1235 3121 am
1253 3089 1394 3127 (Schol.
1412 3091 1538 3121 Juveu.
1558 3089 1639 3128 v11,
1661 3090 1713 3127 60,
1730 3085 1853 3126 w,61)
1872 3088 2097 3119 collocatum
2119 3094 2186 3118 est.
