2411 3275
1092 732 1254 805 (Jap.
1297 737 1394 793 11.-

422 1079 736 1137 Xenocrat'en.
799 1091 1000 1137 Editores
1050 1102 1198 1138 omnes
1236 1100 1412 1152 praeter
1456 1085 1609 1149 Majum
1652 1099 1693 1136 et
1730 1092 1966 1136 Lehnerum
2007 1104 2232 1135 correxe-

234 1160 331 1198 runt
362 1150 658 1208 Xenocratem,
692 1155 812 1212 quasi
852 1167 934 1197 nec
976 1150 1235 1199 Ciceronem
1273 1161 1394 1199 certo
1436 1156 1596 1200 scirent
1635 1168 1772 1213 neque
1813 1153 2012 1212 aequales
2059 1155 2153 1209 ejus
2188 1153 2231 1195 in

234 1217 481 1261 accusativo
522 1214 672 1259 horum
711 1216 926 1276 nominum
977 1228 1079 1262 casu
1125 1218 1280 1262 imitari
1321 1216 1516 1262 Graecos
1557 1218 1758 1276 potuisse.
1831 1215 1921 1269 Qua
1966 1216 2019 1260 de
2059 1229 2109 1258 rc
2147 1228 2231 1257 nec

232 1285 395 1322 temere
427 1289 568 1336 neque
605 1277 758 1337 cupide
785 1276 1057 1335 judicandum
1089 1286 1170 1336 est,
1202 1281 1457 1339 praesertim
1492 1294 1586 1324 cum
1616 1293 1702 1323 non
1730 1293 1861 1337 pauca
1895 1278 2016 1334 hujus
2050 1277 2230 1334 generis

233 1339 431 1399 exempla
461 1341 505 1384 in
535 1341 910 1399 praestantissimis
941 1339 1062 1387 libris
1098 1344 1381 1402 reperiantur.
1446 1340 1551 1388 Nam
1588 1341 1640 1386 de
1675 1339 1756 1386 illis
1790 1339 1952 1400 quidem
1988 1341 2068 1385 vix
2104 1339 2230 1398 quis—

234 1415 355 1460 quam
388 1399 604 1458 dubitabit,
638 1416 749 1461 quae
782 1403 834 1448 ab
868 1406 974 1463 ipsis
1005 1403 1185 1450 Graecis
1219 1405 1451 1449 secundum
1483 1407 1658 1464 primam
1693 1403 2014 1447 declinationem
2048 1402 2230 1446 formari

232 1462 358 1509 solita
391 1471 501 1522 sunt,
538 1465 619 1510 etsi
651 1463 832 1511 Romani
862 1467 1029 1512 tertiam
1059 1467 1104 1511 in
1136 1466 1230 1513 aliis
1264 1466 1434 1518 casibus
1471 1469 1593 1527 sequi
1622 1466 1863 1512 maluerunt.
1928 1464 1981 1509 Ut
2012 1465 2228 1521 Eufraten

232 1528 276 1569 tn
294 1525 398 1570 Cod.
426 1526 517 1570 Erf.
553 1542 678 1586 quem
704 1528 755 1589 ad
782 1529 951 1573 modum
970 1528 1058 1573 Cic.
1086 1528 1164 1589 Ep.
1184 1530 1237 1574 ad
1252 1529 1365 1574 Fam.
1384 1529 1479 1587 XV,
1508 1530 1552 1586 1,
1586 1530 1628 1584 13
1661 1530 1704 1584 3,
1735 1528 1772 1572 1.
1800 1529 1986 1585 legatur,
2009 1526 2072 1572 sic
2105 1539 2228 1570 sem-³

231 1602 312 1647 per
343 1590 544 1647 scriptum
585 1603 684 1634 esse
718 1588 966 1636 Wunderus
1010 1590 1120 1636 dicit.
1192 1591 1297 1637 Item
1337 1592 1593 1651 Xerxenque
1631 1588 1807 1636 Beierus
1847 1590 1899 1634 de
1933 1588 2009 1634 Off.
2041 1588 2114 1644 III,
2152 1587 2226 1643 11,

231 1651 295 1694 48
326 1665 383 1694 ex
415 1650 547 1695 Codd.
580 1650 708 1710 Lips,
744 1653 929 1711 Magont.
962 1644 1211 1713 duobusque
1249 1652 1380 1698 Gudd.
1415 1651 1592 1713 recepit.
1660 1654 1765 1697 Huic
1799 1659 1933 1696 autem
1968 1652 2123 1709 g‘eneri
2156 1649 2225 1693 al·—

230 1718 367 1757 terum
397 1712 612 1758 finitimum
642 1721 708 1760 est
733 1717 963 1772 nominum,
997 1730 1175 1774 quorum
1212 1713 1484 1762 accusativos
1506 1713 1662 1760 Graeci
1696 1714 1818 1759 modo
1852 1714 1903 1757 ad
1931 1716 2109 1771 primam
2142 1711 2225 1754 de-

231 1773 519 1831 clinationem,
546 1775 673 1820 modo
707 1776 759 1820 ad
791 1778 956 1821 tertiam
998 1778 1341 1822 accomodarum.
1416 1777 1605 1832 Quorum
1640 1775 1983 1821 consuetudinem
2020 1786 2226 1818 nonnun-

231 1850 354 1894 quam
390 1838 573 1881 imitatos
619 1852 718 1883 esse
760 1838 1003 1895 Romanos,
1044 1837 1243 1884 concedit
1281 1840 1469 1898 Madvig.
1502 1840 1573 1884 Gr.
1604 1840 1687 1884 Lat.
1721 1840 1764 1893 6,
1797 1838 1840 1892 4,
1873 1837 1940 1881 211.
1994 1836 2138 1894 Atque
2179 1837 2227 1877 in*

229 1900 594 1956 praestantissimo
632 1900 800 1959 quidem
831 1901 941 1945 libro
977 1901 1184 1947 Vaticano
1220 1902 1291 1947 Or.
1325 1904 1369 1947 in
1398 1903 1524 1947 Verr.
1565 1899 1613 1946 V.
1644 1901 1716 1957 51,
1747 1898 1834 1944 134
1876 1900 2118 1943 Cleomenen
2152 1898 2225 1939 in-

229 1962 416 2016 venitur,
453 1963 534 2006 etsi
566 1963 602 2006 is
635 1962 778 2020 paullo
810 1963 922 2007 infra
961 1960 1059 2008 ihiff.
1090 1964 1176 2020 52,
1213 1963 1302 2009 1'35
1349 1965 1601 2009 Cleomenem
1639 1963 1771 2007 habet.
1838 1962 1935 2006 Pari
1975 1960 2102 2004 modo
2133 1960 2223 2002 So-

228 2026 375 2066 craten
408 2022 579 2067 Tuscul.
608 2024 726 2083 Disp.
746 2024 819 2080 111,
852 2025 896 2082 4,
919 2030 945 2071 8
978 2025 1110 2070 Codd.
1129 2026 1237 2085 Reg.
1271 2034 1314 2071 et
1342 2026 1559 2072 Pithoean.
1595 2030 1833 2079 servarunt,
1865 2023 1976 2067 unde
2009 2021 2051 2065 id
2084 2034 2223 2079 nuper

230 2084 440 2143 Tregder.
475 2088 665 2146 recepit,
709 2088 972 2147 eandemque
1021 2089 1200 2134 formam
1246 2089 1334 2134 Cat.
1374 2088 1469 2146 Maj.
1516 2088 1615 2146 Vll,
1645 2089 1725 2144 23,
1758 2085 1957 2143 v}11,25
1988 2085 2093 2129 fides
2124 2084 2222 2127 libri

228 2145 498 2194 Erfurtensis
527 2148 701 2208 probat,
740 2152 809 2209 qui
847 2153 1075 2210 perpaucis
1116 2154 1287 2197 omnino
1326 2151 1492 2197 mendis
1535 2158 1576 2196 et
1618 2149 1833 2196 erroribus
1866 2155 1930 2194 est
1969 2148 2221 2205 inquinatus.

227 2208 343 2254 Idem
376 2209 469 2266 Vll,
498 2208 558 2256 23
589 2212 859 2258 Xenocraten
892 2213 1028 2259 habet.
1093 2213 1163 2259 Ex
1197 2213 1301 2260 Cod.
1338 2213 1448 2274 Reg.
1482 2214 1651 2260 Tuscul.
1693 2212 1807 2272 Disp.
1839 2210 1879 2268 I,
1915 2211 1957 2267 5,
1991 2210 2050 2254 10
2081 2208 2222 2252 Wes—

227 2271 487 2331 senbergius
503 2273 678 2319 Emend.
715 2273 803 2320 Cic.
836 2273 962 2323 Tusc.
997 2276 1041 2322 P.
1076 2277 1130 2335 II,
1164 2293 1234 2337 pg.
1268 2278 1296 2323 2
1327 2279 1634 2324 Demosthenen
1665 2278 1815 2334 reponi
1844 2274 1999 2328 voluit,¹
2028 2271 2071 2316 id
2108 2270 2221 2329 quod

225 2334 340 2379 Brut.
372 2336 447 2392 36,
481 2337 572 2382 138
605 2335 707 2382 Cod.
739 2338 914 2397 Lagom.
945 2339 975 2384 8
1007 2341 1256 2401 suppeditat.
1319 2334 1522 2399 Adjungo
1565 2341 1774 2385 Isocraten
1807 2336 1858 2382 d'e
1893 2335 2007 2380 Orat.
2038 2333 2111 2390 Ill,
2147 2332 2220 2388 19,

225 2395 285 2442 ¹72
318 2412 378 2443 ex
410 2398 706 2457 Lagomarsini
740 2401 843 2446 Cod.
863 2401 937 2458 65,
971 2418 1095 2461 quem
1130 2400 1380 2449 nitidissime
1414 2411 1456 2448 et
1487 2403 1586 2448 satis
1620 2400 1836 2446 emendate
1870 2400 2071 2457 scriptum
2102 2411 2226 2450 esse,

224 2465 419 2505 extrema
450 2469 572 2520 parte
604 2469 811 2522 excepta,
855 2461 950 2524 i'pse
979 2461 1217 2511 Ellendtius
1244 2465 1426 2510 Praefat.
1458 2465 1556 2509 XVI
1589 2464 1783 2518 affirmat,
1824 2462 2071 2505 Naucraten
2105 2458 2220 2501 Orat.

223 2518 299 2578 51,
331 2521 418 2568 172
454 2538 512 2569 ex
548 2523 652 2569 Cod.
685 2525 856 2582 Dresd.,
894 2526 1052 2572 Thalen
1088 2527 1141 2573 de
1160 2525 1304 2574 Di'vin.
1335 2527 1388 2585 ll,
1420 2528 1494 2585 27,
1512 2527 1586 2584 58,
1619 2524 1729 2585 quod
1761 2530 1801 2569 et
1823 2522 2010 2583 Orellius
2048 2519 2221 2580 scripsit

223 2589 266 2627 et
297 2583 481 2630 Ellendt.
514 2587 567 2631 ad
603 2587 692 2632 Cic.
727 2587 781 2633 de
817 2588 931 2634 Orat.
963 2589 1024 2645 Π,
1060 2591 1119 2635 74
1151 2590 1242 2636 299
1275 2594 1435 2636 certius
1468 2605 1565 2635 esse
1599 2591 1664 2634 ait.
1726 2586 1816 2631 Nec
1845 2587 2056 2643 scriptura
2085 2582 2218 2627 Codd.

221 2643 330 2704 Reg.
369 2653 412 2693 et
456 2646 674 2713 Pithoean.
723 2650 949 2697 Tusculan.
981 2652 1099 2713 Disp.
1138 2652 1178 2710 I,
1222 2653 1305 2711 26,
1347 2654 1405 2700 65
1447 2652 1706 2711 Ganymeden
1747 2656 1814 2694 aut.
1849 2648 1949 2695 ibid.
1985 2646 2069 2703 IV,
2106 2646 2159 2702 3,
2192 2646 2219 2689 5

221 2707 440 2766 Dioqenen
470 2712 640 2758 silentio
674 2715 1050 2772 praetermittenda
1081 2723 1157 2761 est.
1223 2716 1344 2762 Unde
1378 2723 1438 2761 tot
1466 2722 1547 2760 tam
1579 2714 1804 2771 insignium
1837 2710 2034 2755 codicum
2067 2708 2220 2753 menda

223 2776 315 2815 orta
349 2778 559 2832 putemus,
592 2777 629 2821 si
655 2776 813 2822 Cicero
845 2791 1057 2837 nunquam
1091 2782 1372 2839 usurpavisse
1404 2779 1573 2825 videtur
1606 2777 1713 2822 hanc
1743 2775 1922 2819 formam
1952 2771 2220 2819 accusativi?

220 2831 289 2874 Ac
318 2834 443 2892 plura
474 2838 601 2882 etiam
634 2837 891 2885 nobilissimi
929 2840 1152 2901 scriptoris
1187 2842 1296 2886 dicta
1329 2841 1482 2886 habent
1515 2839 1691 2884 candem
1724 2838 1981 2896 suspicionis
2014 2850 2221 2880 caussam.

220 2891 443 2954 Reliquum
474 2905 540 2945 est
572 2902 685 2946 enim
715 2897 884 2947 tertium
915 2904 1132 2949 nominum
1151 2919 1305 2963 genus,
1334 2907 1377 2949 in
1409 2916 1491 2963 quo
1513 2902 1691 2946 Romani
1720 2901 1931 2945 rationem
1953 2898 2221 2944 Graecorum

219 2958 376 3029 potius,
410 2974 532 3019 quam
565 2962 807 3009 Atticorum
842 2980 1006 3011 morem
1038 2969 1183 3012 imitati
1214 2974 1318 3012 sunt.
1382 2965 1509 3025 Apud
1551 2978 1656 3023 quos
1696 2965 1884 3020 nomina,
1917 2964 1962 3006 in
1997 2965 2107 3023 κλῆς
2137 2961 2221 3005 de·-

221 3021 426 3079 sinentia,
471 3036 558 3068 non
599 3025 800 3072 habuisse
836 3031 1125 3073 accusativum
1162 3036 1349 3084 constat,
1395 3030 1463 3087 qui
1508 3030 1551 3070 in
1592 3028 1696 3085 κλῆν
1725 3025 1925 3080 caderet3
1967 3040 2093 3083 quem
2127 3038 2220 3066 cum

219 3080 409 3127 nonnulli
441 3095 609 3133 novare
644 3088 824 3136 fuissent
868 3092 984 3146 ausi,
1019 3093 1061 3135 in
1103 3093 1469 3149 grammaticorum
1512 3088 1896 3148 reprehensionem
1930 3089 2228 3142 incurrerunt,-
